3882 5037
417 496 567 553 Sne-r.
591 494 667 569 1.]
1227 491 1870 572 &mann—Bima
1896 492 1957 554 of
1978 492 2313 571 nugatum.
2981 491 3134 563 283

416 696 659 754 conversi
697 697 772 754 ad
811 695 1131 772 imaginem
1172 693 1445 763 crucifixi,
1483 716 1614 773 quae
1653 707 1901 774 ponetur
1941 696 2005 754 in
2046 698 2255 761 mensa,
2294 694 2368 752 ad
2416 713 2593 770 quam
2640 691 2859 751 sedebit
2899 692 3138 755 betanus

418 807 539 844 cum
576 787 904 854 camerario,
947 787 1385 862 recitabuntque
1425 788 1751 847 alternatim
1792 788 1864 846 ad
1905 786 2327 864 implorandam
2368 786 2615 861 gratiam
2657 783 2850 842 Sancti
2890 784 3138 861 Spiritus

419 879 717 955 hymnumt
781 880 925 937 Veni
972 880 1213 938 Creator
1251 881 1537 956 Spiritum
1592 880 1689 939 cui
1730 880 2042 957 subjunget
2080 882 2322 942 betanus
2363 879 2673 937 collectam.
2753 875 3027 934 Similiter
3066 877 3139 934 ad

417 969 581 1027 finem
607 971 1071 1049 congregationis
1096 971 1414 1030 recitabunt
1441 971 1657 1050 singuli
1684 973 1849 1030 flexis
1875 973 2119 1050 genibus
2152 973 2326 1029 Pater
2352 981 2408 1029 et
2438 973 2574 1030 Ave.

490 1079 666 1120 xxvn.
706 1061 1154 1121 Considentibus
1208 1058 1398 1122 denuo
1453 1064 1829 1142 congregatis,
1879 1076 2229 1142 proponetur
2278 1062 2530 1140 primum
2575 1061 2854 1127 omnium,
2902 1059 2955 1117 si
2995 1058 3136 1134 quid

422 1172 533 1219 nos,
559 1153 649 1211 vel
676 1153 928 1212 vicarius
966 1166 1161 1214 noster
1198 1176 1302 1233 pro
1343 1166 1597 1235 tempore
1625 1157 2060 1235 proponendum
2085 1155 2611 1233 praescripserimus.
2693 1147 2917 1212 Deinde
2944 1151 3137 1228 inqui-

424 1257 588 1311 retur,
617 1266 693 1304 an
734 1265 795 1303 re
831 1247 956 1323 ipsa
992 1248 1238 1323 praestita
1263 1248 1396 1316 sint,
1425 1250 1475 1308 si
1505 1269 1635 1326 quae
1662 1250 1725 1307 in
1756 1250 1965 1309 ultimo
1990 1259 2278 1309 conventu
2301 1249 2545 1309 betanus
2572 1254 2784 1312 nostro,
2812 1254 2913 1303 aut
2940 1242 3141 1302 vicarii

426 1336 615 1401 nostri,
642 1348 744 1395 aut
782 1357 891 1396 suo
929 1338 1107 1397 etiam
1147 1340 1376 1399 nomine
1416 1341 1676 1400 fizcienda
1715 1341 1979 1416 injunxit.
2058 1342 2259 1401 Tertio
2298 1340 2532 1398 dabitur
2571 1357 2902 1413 responsum
2941 1336 3013 1394 ad
3055 1355 3140 1403 ea,

424 1449 543 1504 quae
579 1426 725 1488 forte
764 1430 829 1488 in
868 1433 1069 1490 eodem
1107 1433 1310 1491 ultimo
1350 1444 1637 1492 conventu
1675 1434 1984 1512 proposita,
2013 1446 2139 1492 tum
2178 1433 2433 1511 expediri
2472 1440 2652 1490 certas
2686 1430 2762 1488 ob
2789 1448 2991 1487 causas
3018 1448 3134 1486 non

426 1532 737 1597 potuerunt.
819 1525 1057 1591 Quarto,
1084 1537 1301 1602 quaeret
1327 1527 1586 1594 brennus,
1614 1547 1754 1585 num
1782 1528 2094 1604 quisquam
2135 1526 2277 1585 sciat
2304 1525 2540 1601 aliquod
2565 1523 2626 1579 in
2654 1523 2773 1579 tota
2803 1519 3141 1595 regiuncula

428 1614 744 1672 scandalum
771 1615 833 1673 in
862 1617 1031 1684 clero,
1057 1618 1149 1676 vel
1178 1619 1392 1695 populo
1421 1619 1709 1685 accidisse,
1730 1620 1826 1678 cui
1855 1619 2050 1679 debito
2075 1619 2261 1686 modo,
2289 1638 2392 1695 per
2419 1636 2564 1694 quos
2584 1613 2803 1679 debuit,
2825 1610 3139 1669 remedium

426 1725 533 1762 uon
570 1706 643 1763 sit
682 1707 1023 1775 adhibitum,
1051 1719 1108 1767 et
1148 1709 1199 1766 si
1239 1709 1387 1770 illud
1428 1710 1673 1769 necdum
1714 1712 2003 1769 sublatum
2047 1711 2140 1778 sit,
2174 1710 2461 1787 quomodo
2487 1707 2755 1766 videatur
2792 1703 2919 1761 tolli
2958 1722 3139 1778 posse.

429 1797 647 1864 Quinto,
674 1819 819 1856 num
844 1799 1045 1876 aliqua
1070 1819 1219 1858 nova
1242 1801 1578 1878 gravamina
1604 1803 1784 1861 alicui
1812 1822 2067 1879 personae
2092 1801 2500 1868 ecclesiasticae,
2528 1800 2621 1858 vel
2649 1795 2920 1856 beneficio
2948 1804 3141 1853 contra

422 1889 510 1961 jus
536 1889 794 1967 imposita
823 1891 951 1950 sint.
1033 1893 1225 1960 Sexto,
1244 1913 1389 1950 num
1413 1893 1545 1951 aliis
1567 1893 2003 1952 difficultatibus
2028 1904 2085 1954 et
2110 1893 2543 1952 necessitatibus
2569 1888 2876 1968 quisquam
2897 1886 3140 1945 clericus

432 1980 783 2056 regiunculae,
811 1995 914 2041 aut
953 1984 1124 2042 etiam
1164 1984 1453 2042 saecularis
1478 1996 1787 2061 prematur,
1814 1986 1911 2044 cui
1939 1986 2222 2044 auxilium
2252 1985 2538 2044 debeatur.
2622 1980 2875 2058 Septimo
2903 1979 3139 2037 interro-

432 2073 582 2147 gabit
618 2076 876 2142 betanus,
905 2096 1047 2133 num
1086 2076 1243 2134 ullus
1282 2087 1547 2134 noscatur
1586 2077 1648 2134 in
1689 2076 1954 2136 districtu
1993 2073 2226 2154 taphal(
2268 2075 2654 2141 beneficiatus,
2681 2072 2786 2148 qui
2811 2069 3139 2129 canonicam

428 2163 831 2225 institutionem
859 2188 976 2226 non
1003 2169 1238 2235 habeat;
1282 2169 1376 2226 vel
1401 2167 1505 2243 qui
1533 2168 1913 2227 confessiones
1941 2169 2162 2235 audiat,
2188 2188 2304 2227 non
2333 2167 2685 2245 approbatus
2703 2166 2870 2239 juxta
2897 2163 3139 2222 formam

429 2256 658 2315 Concilii
684 2256 1023 2317 Tridentini.
1106 2260 1349 2326 Octavo,
1375 2280 1451 2318 an
1479 2259 1710 2336 parochi
1736 2280 1900 2335 quos,
1927 2271 1985 2319 et
2011 2262 2215 2336 quales
2243 2260 2450 2318 debent
2475 2267 2887 2333 cooperatores,
2913 2265 2971 2312 et
2995 2252 3139 2311 alios

428 2350 727 2408 sacerdotes
767 2351 1033 2417 habeant,
1059 2360 1116 2408 et
1155 2370 1260 2409 suo
1300 2353 1527 2411 muneri
1567 2348 1809 2410 maxime
1848 2352 2041 2427 quoad
2069 2361 2551 2410 sacramentorum
2579 2342 3138 2411 administrationem,

428 2441 874 2514 praedioetionem
899 2442 1059 2502 verbi
1086 2441 1216 2509 Dei,
1246 2454 1305 2500 et
1343 2442 1776 2502 celebrationem
1814 2443 2119 2502 missarum
2159 2442 2367 2501 faciant
2406 2439 2556 2498 satis.
2636 2439 2829 2504 Non0,
2870 2457 2944 2494 an
2987 2437 3142 2494 ullas

426 2544 680 2592 noscatur
717 2535 780 2593 in
823 2546 942 2593 toto
989 2531 1250 2612 tupitulo,
1293 2535 1355 2593 in
1395 2555 1511 2611 quo
1544 2536 1677 2611 jure
1718 2536 2071 2595 desideretur
2106 2536 2367 2593 honestas
2407 2529 2687 2590 clericalis
2726 2529 2917 2603 quoad
2944 2528 3138 2594 vitam,

427 2643 619 2693 mores,
643 2627 855 2694 studia,
881 2627 1160 2695 habitum,
1189 2627 1482 2695 familiam,
1508 2638 1563 2687 et
1603 2628 1709 2703 qui
1750 2637 2035 2686 menstrue
2074 2647 2192 2685 non
2231 2625 2569 2683 confiteatur
2588 2622 2755 2696 juxta
2794 2630 3138 2698 praeceptum

424 2717 700 2790 synodale,
728 2728 786 2776 et
826 2718 998 2776 citius
1036 2717 1226 2785 etiam,
1255 2719 1305 2777 si
1345 2718 1406 2776 in
1445 2738 1514 2777 eo
1555 2719 1729 2777 fuerit
1768 2728 1999 2776 notatus
2035 2737 2314 2785 excessus,
2342 2716 2447 2793 qui
2475 2713 2745 2793 praesumi
2769 2722 2991 2790 poterat
3018 2731 3140 2770 esse

422 2809 680 2866 mortalis.
3087 2860 3090 2863 ,

498 2919 698 2958 xxvm.
742 2901 854 2960 His
879 2901 1137 2979 peractis,
1162 2904 1406 2964 betanus
1432 2900 1495 2959 in
1532 2900 1782 2977 singulis
1810 2895 2076 2976 rapimus
2111 2902 2269 2976 legat
2296 2898 2431 2978 ipse,
2460 2899 2553 2957 vel
2579 2896 2697 2975 legi
2722 2906 2883 2955 curet
2908 2895 2982 2953 ab
3008 2894 3142 2963 alio,

422 3010 595 3049 unam
634 3013 704 3051 ex
744 3005 995 3069 quatuor
1034 2980 1292 3070 partibus
1330 2994 1539 3052 horum
1590 2993 1945 3051 decretorum
2002 2992 2380 3069 synodalium,
2419 3011 2522 3049 nec
2568 2990 2693 3047 ulla
2731 2988 2951 3046 ratione
2992 2988 3139 3046 hanc

422 3083 715 3143 lectionem
756 3084 1158 3162 praetermittat,
1198 3084 1424 3142 etiamsi
1462 3079 1762 3163 propterea
1799 3083 1862 3142 in
1902 3085 2030 3143 loco
2071 3081 2533 3159 congregationis
2581 3083 2700 3138 una
2743 3091 2914 3155 atque
2965 3080 3142 3138 altera

420 3176 556 3232 hora
580 3177 795 3234 diutius
834 3176 1174 3234 manendum
1218 3187 1382 3243 esset,
1409 3189 1582 3252 atque
1616 3179 1682 3235 ea
1709 3176 2003 3235 occasione
2030 3175 2348 3251 intelligere
2375 3172 2619 3240 studeat,
2646 3191 2788 3229 num
2816 3190 3010 3228 omnes
3034 3171 3142 3228 ista

421 3266 640 3325 decreta
665 3268 929 3334 habeant,
954 3278 1011 3325 et
1038 3268 1358 3327 observent.

500 3378 650 3416 xxix.
690 3360 853 3418 Inter
878 3360 1185 3436 legendum
1213 3360 1262 3418 si
1290 3359 1432 3436 quid
1457 3361 1655 3418 httano
1684 3369 1962 3426 occurret,
1991 3356 2065 3415 ad
2085 3355 2252 3430 cujus
2269 3353 2719 3413 observationem
2737 3354 2952 3428 judicet
2970 3372 3139 3429 pecu·

421 3446 632 3507 liariter
672 3451 1047 3509 exhortandos
1089 3462 1411 3528 praesentes,
1454 3452 1547 3510 vel
1589 3451 1659 3509 de
1706 3449 1923 3509 ratione
1972 3446 2308 3507 observandi
2362 3443 2765 3513 informandos,
2811 3446 2906 3504 vel
2953 3443 3141 3501 simile

421 3540 577 3615 quid,
601 3540 796 3599 licebit
822 3540 881 3597 id
912 3539 1161 3600 brevitEr
1186 3542 1383 3600 facere.

501 3653 627 3691 xxx.
666 3634 949 3710 Crapulae,
989 3633 1298 3700 ebrietatis,
1342 3642 1398 3690 et
1449 3630 1692 3707 quodvis
1736 3631 2184 3708 intemperantiae
2226 3629 2433 3689 vitium
2488 3649 2624 3687 eum
2677 3628 2836 3688 omni
2888 3638 3140 3702 tempore

422 3722 669 3783 studiose
697 3725 878 3784 vitare
920 3725 1126 3784 debent
1165 3724 1225 3790 ii,
1253 3723 1356 3800 qui
1395 3735 1532 3780 sunt
1572 3721 1781 3782 divinis
1821 3724 2133 3782 consecrati
2161 3722 2507 3787 ministeriis,
2535 3733 2658 3779 tum
2686 3741 2756 3780 eo
2784 3713 3139 3798 potissimum

422 3835 538 3890 quo
561 3817 634 3874 ad
661 3814 1111 3893 tongtoegattouts
1141 3810 1477 3892 capitulares
1503 3814 1575 3871 de
1603 3814 1725 3872 suis
1751 3834 1891 3890 erga
1919 3817 2131 3881 Deum,
2147 3813 2527 3888 ecclesiasque
2556 3832 2688 3871 suas
2713 3813 2911 3871 officiis
2939 3822 3140 3869 tracta-

424 3908 538 3965 turi
575 3910 935 3968 conveniunt.
1019 3908 1082 3965 Si
1120 3909 1260 3984 quid
1290 3908 1442 3965 enim
1478 3918 1603 3964 tum
1631 3903 2075 3983 intemperanter
2105 3902 2142 3964 a
2169 3925 2460 3982 quoquam
2487 3906 2587 3981 agi
2613 3906 2881 3972 cernitur,
2907 3904 3055 3964 cedit
3080 3903 3140 3962 id

422 3996 485 4054 in
512 4018 775 4074 magnam
805 4000 1117 4077 disciplinae
1144 3998 1532 4058 ecclesiasticae
1558 4008 1965 4075 contemptum,
1993 4010 2050 4058 et
2075 3999 2260 4057 fidelis
2286 3996 2486 4076 populi
2504 4016 2740 4074 gravem
2757 3997 3138 4056 offensionem.

504 4109 655 4149 xxxx.
695 4087 1056 4168 Quapropter
1095 4091 1363 4149 volumus
1391 4109 1460 4146 ac
1486 4089 1840 4157 mandamus,
1868 4101 1935 4148 ut
1975 4090 2298 4167 prandium,
2325 4089 2479 4164 quod
2520 4100 2648 4166 post
2688 4087 2965 4163 ejusmodi
3005 4107 3139 4144 con-

424 4182 779 4259 gregationes
818 4183 991 4240 simul
1033 4192 1275 4248 sument,
1304 4182 1617 4240 admodum
1657 4181 2019 4240 moderatum
2058 4194 2114 4241 et
2148 4182 2375 4257 frugale
2403 4181 2494 4249 sit,
2522 4194 2580 4240 et
2606 4201 2781 4257 quam
2811 4174 3137 4238 brevissime

422 4273 771 4342 absolvatur,
801 4287 865 4332 ut
892 4275 1085 4352 potius
1111 4273 1435 4333 necessariae
1463 4272 1800 4339 refectionis,
1827 4293 2005 4348 quam
2030 4273 2281 4332 convivii
2310 4272 2586 4331 rationem
2618 4271 2826 4329 habeat
2849 4294 2862 4327 z
2920 4270 2982 4327 in
3021 4286 3138 4342 quo

423 4362 680 4440 inprimis
719 4366 966 4424 evitetur
1003 4367 1188 4425 omnis
1228 4366 1551 4443 provocatio
1577 4365 1648 4423 ad
1676 4367 1925 4441 aequales
1960 4367 2211 4432 haustus,
2237 4376 2340 4422 aut
2368 4384 2724 4441 quaecunque
2751 4358 3137 4438 temperantiae
