3882 5037
858 484 1011 554 262
1635 475 2403 559 ammata—Confluentes!
2431 476 2800 546 Damnatus.
3308 483 3501 557 [Pan-r
3524 485 3570 540 1.
3614 535 3620 541 ,

860 688 1123 746 ιἰιιιιειιὶίὶ
1148 689 1620 754 adhortabantur,
1647 698 1704 746 et
1730 687 1778 745 si
1806 707 1939 762 quae
1964 706 2070 744 nos
2096 683 2213 743 illis
2241 683 2580 760 significata,
2596 693 2699 740 aut
2724 682 2876 741 dicta
2901 685 3270 750 voluerimus,
3293 704 3360 742 ea
3383 696 3576 743 nostro

863 779 1092 837 nomine
1120 790 1432 855 exponent:
1488 774 1690 837 deinde
1731 780 1921 837 locum
1962 787 2017 835 et
2060 787 2285 851 tempus
2325 773 2576 850 singulis
2614 774 2938 850 pastoribus
2973 777 3296 842 concedent,
3333 777 3406 834 ad
3447 797 3579 834 suas

862 870 1222 928 difficultates
1260 871 1323 927 in
1360 870 1613 928 medium
1655 869 2060 936 adferendum;
2106 878 2162 926 et
2196 867 2247 924 si
2273 865 2416 941 quid
2443 864 2591 923 inter
2616 885 2712 923 eos
2737 865 2811 923 ad
2840 875 3099 924 mutuam
3128 868 3580 927 benevolentiam

863 961 1138 1020 adducere
1181 962 1556 1019 conabuntur.
1666 962 1730 1019 Si
1777 961 1909 1037 quis
1951 956 2144 1017 autem
2185 978 2383 1017 eorum
2429 957 2711 1016 mandatis
2754 952 2942 1016 minus
2997 960 3482 1036 obtemperaverit,
3529 960 3581 1018 is

865 1054 1048 1120 nobis,
1073 1064 1172 1110 aut
1199 1053 1427 1111 officiali
1456 1063 1648 1111 nostro
1674 1052 2047 1110 denuncietur
2072 1045 2321 1127 graviter
2348 1050 2692 1126 puniendus.

946 1163 1025 1202 v1.
1068 1145 1206 1202 Haec
1236 1139 1476 1221 capitula
1504 1144 1585 1203 sic
1614 1145 1989 1210 celebrentur,
2006 1153 2075 1200 ut
2101 1163 2168 1201 ea
2194 1161 2310 1199 non
2336 1141 2411 1199 ad
2436 1141 2884 1209 comessandum,
2905 1142 3000 1201 sed
3027 1143 3101 1201 ad
3130 1142 3484 1200 tractandum
3510 1143 3583 1201 de

866 1236 1033 1294 rebus
1059 1237 1310 1294 ecclesiae
1337 1236 1553 1294 indicta
1577 1256 1697 1295 esse
1723 1235 1992 1294 omnibus
2019 1236 2353 1299 innotescat,
2381 1233 2735 1309 prandiaque
2761 1234 2825 1291 in
2852 1234 3101 1292 tabernis
3128 1254 3228 1292 seu
3256 1234 3584 1292 diversoriis

865 1328 989 1385 fieri
1031 1338 1303 1394 vetamus,
1331 1322 1562 1403 tamque
1598 1327 1848 1404 frugalia
1885 1326 2002 1383 sint
2040 1336 2096 1383 et
2131 1324 2433 1392 moderata,
2459 1335 2526 1382 ut
2566 1345 2733 1385 nemo
2761 1326 3105 1401 sumptibus,
3132 1326 3226 1384 vel
3271 1336 3411 1401 potu
3453 1345 3585 1401 gra-

868 1430 1068 1488 vetur;
1115 1420 1364 1478 extranei
1399 1439 1628 1495 quoque
1673 1429 1872 1495 praeter
1913 1438 2027 1484 eos,
2054 1417 2158 1491 qui
2198 1411 2431 1476 sortasse
2465 1409 2505 1473 ὲ
2540 1416 2706 1474 nobis
2747 1417 3045 1476 mittentur
3069 1418 3143 1476 ab
3170 1418 3259 1474 his
3298 1417 3585 1474 conviviis

871 1505 1098 1587 prorsus
1140 1511 1553 1580 excludantur3
1611 1531 1730 1586 quo
1775 1510 1986 1583 majore
2027 1529 2160 1567 cum
2204 1507 2394 1566 fructu
2438 1508 2587 1566 inter
2619 1528 2679 1567 se
2727 1520 2977 1585 pastores
3020 1510 3092 1570 de
3127 1510 3297 1568 rebus
3330 1509 3582 1567 ecclesiae

868 1603 1122 1678 colloqui
1164 1613 1220 1661 et
1261 1603 1513 1662 conferre
1554 1602 1804 1678 possint:
1858 1602 2323 1676 declaramusque
2363 1599 2437 1657 ad
2473 1611 2735 1675 sumptus
2772 1601 3055 1660 dictorum
3081 1599 3477 1660 conviviorum
3502 1600 3583 1658 fe-

870 1695 1070 1754 rendos
1099 1706 1349 1770 pastores
1375 1695 1649 1760 absentes,
1677 1695 1850 1752 etiam
1878 1693 1927 1751 si
1955 1687 2213 1768 legitime
2248 1691 2641 1750 excusaverint
2682 1689 2915 1769 perinde
2953 1714 3020 1751 ac
3053 1703 3353 1771 praesentes
3392 1710 3585 1766 aequa·

869 1781 1002 1845 liter
1027 1786 1293 1861 obligari,
1321 1797 1376 1843 et
1405 1786 1764 1844 contribuere
1790 1784 2007 1842 debere.

950 1896 1053 1936 v11.
1099 1878 1167 1936 In
1197 1878 1380 1953 prima
1407 1875 1810 1935 Mechliniensi
1838 1875 2057 1952 synodo
2082 1874 2367 1941 statuitur,
2389 1895 2462 1933 ne
2489 1869 2997 1942 desttanttatum
3022 1872 3207 1937 ostani
3235 1870 3375 1934 alibi
3408 1870 3584 1951 quam

872 1969 933 2027 in
962 1972 1193 2047 templo,
1209 1982 1311 2028 aut
1336 1972 1463 2029 loco
1491 1965 1688 2027 saltem
1716 1968 1936 2027 decenti
1965 1979 2021 2026 et
2047 1968 2300 2034 honesto,
2318 1986 2503 2042 neque
2529 1968 2661 2027 aliis
2688 1963 2864 2043 quam
2890 1968 3144 2045 personis
3169 1968 3584 2034 ecclesiasticis,

869 2072 924 2119 et
967 2063 1030 2120 in
1072 2061 1303 2120 mundis
1345 2072 1401 2120 et
1436 2061 1720 2119 distinctis
1756 2059 2006 2136 capsulis
2042 2078 2266 2117 sacrum
2302 2059 2563 2126 chrisma,
2588 2070 2644 2117 et
2679 2060 2900 2136 reliqua
2926 2060 3349 2119 sacramentalia
3392 2060 3583 2117 distri·

870 2152 1064 2222 buant,
1093 2164 1195 2211 aut
1238 2153 1533 2213 deferenda
1578 2153 1955 2218 committant,
1982 2171 2085 2210 nec
2132 2150 2302 2209 etiam
2319 2153 2327 2160 ’
2342 2170 2447 2228 pro
2483 2151 2785 2211 traditione
2828 2153 2963 2211 novi
3005 2152 3321 2209 chrismatis
3361 2151 3585 2226 aliquid

867 2246 1170 2322 accipiant,
1197 2246 1312 2304 nisi
1354 2241 1496 2303 forte
1536 2256 1799 2321 sumptus
1834 2245 1958 2318 ejus
1999 2245 2171 2301 causa
2206 2242 2381 2300 factos
2416 2242 2651 2300 arbitrio
2684 2255 2877 2302 nostro
2906 2263 3009 2320 pro
3038 2262 3319 2319 pagorum
3345 2263 3587 2302 numero

869 2348 924 2394 et
949 2338 1208 2396 locorum
1235 2334 1272 2395 a
1297 2342 1489 2396 nostra
1518 2337 1646 2396 sede
1674 2336 1981 2395 cathedrali
2006 2335 2277 2393 distantia
2304 2334 2609 2403 taxandum
2656 2335 2718 2393 in
2743 2335 2839 2395 via
2870 2336 3039 2395 etiam
3081 2336 3144 2393 in
3180 2336 3427 2394 tabernis
3464 2355 3583 2393 non

870 2430 1129 2504 potitent,
1157 2451 1258 2488 nec
1300 2429 1462 2488 aliud
1504 2430 1658 2504 quod
1702 2429 2056 2487 sanctitatem
2100 2427 2163 2485 in
2207 2427 2311 2485 hac
2350 2427 2669 2484 chrismatis
2707 2440 2763 2485 et
2795 2430 3049 2487 oleorum
3083 2448 3367 2486 sacrorum
3397 2439 3586 2503 porta-

869 2521 1022 2579 tione
1066 2543 1182 2580 non
1226 2522 1400 2588 decet,
1430 2523 1817 2581 committant:
1874 2522 2040 2580 novis
2077 2530 2268 2578 autem
2310 2520 2556 2595 acceptis
2588 2521 2727 2579 oleis
2764 2542 2831 2580 ac
2867 2522 3165 2580 chrismate
3193 2531 3380 2579 vetera
3414 2540 3589 2596 super

870 2613 1148 2688 piscinam
1177 2613 1527 2681 comburant,
1553 2624 1656 2682 aut
1684 2614 1745 2670 in
1776 2612 2091 2671 fomentum
2117 2612 2399 2688 lampadis
2427 2624 2774 2680 convertant,
2801 2635 2867 2671 ac
2894 2625 3247 2672 consumant.

952 2722 1080 2761 vul.
1128 2700 1272 2761 Cum
1308 2705 1551 2780 dignum
1580 2705 1657 2761 sit
1683 2715 1739 2762 et
1759 2705 1998 2776 justum,
2030 2714 2096 2760 ut
2130 2704 2232 2778 qui
2265 2703 2624 2762 subditorum
2666 2705 2953 2779 obsequiis
2980 2705 3324 2763 addicuntur
3350 2703 3587 2761 illorum

869 2807 1258 2853 sustententur
1277 2796 1576 2872 stipendiis
1596 2819 1608 2851 z
1638 2797 1905 2854 volumus
1923 2806 1989 2852 ut
2010 2792 2466 2871 attbiptoesbstert
2482 2797 2751 2871 exequias
2776 2798 3144 2873 parochorum
3158 2806 3215 2854 et
3233 2796 3588 2870 reliquorum

867 2887 1381 2944 ecclesiasticorum
1419 2908 1483 2944 ac
1517 2887 1806 2944 nobilium
1847 2888 1938 2944 sui
1972 2888 2262 2944 districtus
2295 2887 2591 2954 celebrent,
2618 2900 2674 2946 et
2694 2890 2826 2962 jura
2854 2888 3132 2946 funeralia
3148 2889 3316 2961 juxta
3344 2888 3588 2946 taxatio·

868 2997 998 3034 nem
1028 2996 1125 3053 per
1151 2998 1255 3037 nos
1284 2978 1598 3037 faciendam
1626 2979 1939 3054 recipiant;
1984 2990 2118 3037 sunt
2157 2978 2310 3037 enim
2355 2976 2811 3056 attbipttssbyttti
2845 2982 3218 3057 parochorum
3251 2991 3306 3037 et
3335 2979 3589 3038 sacerdo-

868 3079 993 3126 tum
1021 3069 1112 3127 sui
1141 3069 1428 3129 districtus
1457 3081 1723 3147 pastores,
1749 3066 1926 3145 quare
1955 3070 2167 3128 soliciti
2193 3070 2263 3129 de
2289 3091 2484 3130 eorum
2514 3074 2694 3132 salute
2719 3073 2823 3132 ubi
2844 3074 3092 3149 aliquem
3117 3068 3149 3129 ὲ
3177 3073 3268 3129 sui
3294 3070 3591 3129 districtus

870 3161 1206 3236 pastoribus,
1233 3173 1334 3220 aut
1359 3162 1740 3221 sacerdotibus
1770 3158 2083 3238 periculose
2108 3163 2365 3223 laborare
2393 3164 2740 3243 intelligent,
2769 3161 2957 3223 statim
2992 3165 3066 3223 ad
3103 3184 3234 3222 eum
3269 3173 3590 3228 excurrant,

871 3265 1249 3328 moneantque
1282 3265 1348 3312 ut
1379 3276 1497 3312 suae
1522 3255 1693 3313 saluti
1721 3256 2002 3322 consulat,
2030 3254 2197 3329 eique
2226 3255 2276 3313 si
2304 3274 2450 3332 opus
2476 3268 2561 3315 est
2588 3268 2935 3316 sacramenta
2960 3256 3388 3323 administrent;
3431 3248 3587 3329 quod

870 3345 920 3403 si
958 3366 1089 3404 eum
1133 3367 1203 3404 ex
1246 3367 1313 3405 ea
1354 3347 1691 3423 aegritudine
1723 3346 1985 3405 decedere
2016 3347 2339 3422 contigerit,
2367 3349 2591 3406 etiamsi
2627 3349 2907 3426 regularis
2943 3350 3187 3423 alicujus
3216 3346 3467 3404 instituti
3496 3347 3590 3413 sit,

870 3436 1060 3493 statim
1085 3438 1366 3497 curabunt
1394 3438 1515 3496 fleri
1543 3439 1926 3498 inventarium
1964 3439 2225 3496 omnium
2265 3440 2544 3498 bonorum
2575 3441 2917 3508 relictorum,
2945 3451 3013 3498 ut
3040 3441 3152 3518 piis
3176 3440 3402 3516 legatis,
3427 3440 3586 3498 aliis-

870 3546 983 3601 que
1010 3529 1383 3589 creditoribus
1410 3530 1481 3589 de
1507 3530 1792 3590 solutione
1816 3531 2136 3590 debitorum
2166 3542 2400 3589 cautum
2428 3531 2517 3597 sit,
2543 3543 2716 3607 atque
2755 3532 2949 3590 omnia
2975 3533 3334 3590 munimenta
3361 3531 3590 3589 fabricae

869 3620 1135 3686 ecclesiae,
1161 3623 1248 3679 vel
1277 3642 1482 3680 mensae
1512 3641 1828 3698 pauperum
1856 3623 2011 3698 apud
2040 3642 2171 3681 eum
2198 3634 2431 3700 reperta,
2448 3622 2677 3681 sabricae
2703 3624 2886 3683 eidem
2916 3625 3004 3683 vel
3032 3643 3238 3681 mensae
3266 3642 3587 3699 pauperum

872 3707 1175 3787 respective
1203 3722 1400 3770 curent
1425 3713 1664 3771 restitui.
1747 3713 1890 3779 Quae
1913 3709 2050 3772 vero
2075 3715 2149 3773 ad
2176 3725 2541 3791 pastoratum,
2568 3727 2669 3774 aut
2695 3716 2932 3773 fundata
2960 3715 3044 3774 ibi
3074 3715 3346 3773 beneficia
3373 3725 3588 3790 specta·
3637 3719 3640 3723 ’

871 3801 1033 3869 bunt,
1049 3824 1115 3860 ac
1133 3804 1426 3879 speciatim
1442 3802 1696 3862 defuncti
1717 3806 2117 3873 enchiridium,
2136 3827 2235 3865 seu
2255 3809 2538 3875 manuale,
2558 3808 2621 3865 in
2639 3828 2754 3883 quo
2768 3807 3059 3865 redituum
3085 3802 3123 3863 ὲ
3148 3826 3207 3864 se
3234 3818 3589 3882 receptorum

871 3893 1114 3951 rationes
1131 3894 1426 3971 descripsit
1442 3915 1630 3953 secum
1652 3896 1928 3956 deferent:
1958 3919 2142 3974 neque
2158 3900 2277 3957 ulla
2293 3899 2619 3973 hujusmodi
2638 3910 3005 3958 monumenta
3031 3899 3355 3974 relinquent
3382 3899 3444 3957 in
3470 3920 3587 3957 ma·

872 3984 1041 4041 nibus
1067 3985 1330 4051 aliorum,
1349 3986 1519 4043 etiam
1548 3988 1656 4045 sub
1684 4000 1977 4065 praetextu,
1991 3992 2145 4067 quod
2166 3992 2239 4050 iis
2258 3987 2402 4049 sorte
2418 3991 2716 4067 indigeant
2740 3991 2814 4049 ad
2842 3990 3230 4049 executionem
3249 3992 3585 4049 testamenti.

869 4076 933 4133 Si
963 4088 1149 4135 tamen
1176 4077 1374 4152 aliquo
1403 4075 1596 4136 revera
1622 4100 1767 4157 opus
1795 4083 1885 4151 sit,
1915 4084 2134 4142 dabunt
2160 4085 2481 4160 exemplum
2522 4104 2621 4142 seu
2658 4084 2882 4160 copiam
2909 4083 3232 4141 istiusmodi
3259 4083 3588 4141 documenti

867 4188 982 4244 quo
999 4189 1058 4228 se
1074 4169 1331 4247 indigere
1357 4184 1614 4231 asserent.
1696 4175 1905 4234 Curam
1934 4177 2106 4235 etiam
2136 4187 2332 4251 gerent
2352 4171 2826 4251 attbiptwbptttl,
2847 4187 2914 4233 ut
2932 4169 3086 4233 infra
3099 4196 3313 4233 annum
3335 4175 3398 4233 in
3425 4176 3586 4233 curia

867 4265 1058 4319 nostra
1078 4261 1453 4322 ecclesiastica
1479 4264 1681 4323 domus
1709 4269 2031 4325 mortuariae
2059 4278 2361 4343 computus
2389 4279 2445 4326 et
2473 4267 2717 4327 rationes
2743 4267 3116 4325 exhibeantur
3140 4277 3196 4325 et
3223 4278 3584 4342 peragantur.

1819 4358 2054 4416 Statum
2082 4359 2298 4432 Synodi
2326 4361 2669 4417 Diaecesanoe
2700 4358 3166 4425 Buscoducemis,
3196 4358 3346 4416 A.D.
3365 4376 3587 4416 uncxn.
