3882 5037
321 461 471 517 εει-ι.
496 460 618 534 xi]

322 662 398 716 12.
425 661 717 720 Ordinum.

318 740 396 795 13.
422 740 723 816 Iaegitimae
755 761 898 818 prae-

382 821 716 879 sentationis.

315 900 391 954 14.
418 900 804 958 Institutionis
821 901 898 959 si-

377 998 443 1035 ve
470 979 833 1038 investituras.

315 1059 390 1112 15.
419 1059 814 1117 Possessionis.

312 1138 385 1191 16.
412 1136 622 1195 Placiti
667 1139 893 1197 Princi-

374 1217 458 1291 pis
486 1217 862 1277 territorialis.

310 1296 386 1350 17.
409 1296 654 1361 Quando
684 1299 894 1356 ultima

372 1374 511 1433 facta
522 1387 609 1433 est
619 1377 889 1435 visitatiO.

311 1453 386 1509 13.
412 1456 467 1513 Α
493 1475 627 1530 quo.

309 1532 384 1588 19.
409 1533 502 1591 An
535 1535 754 1593 limites
781 1535 888 1593 Pa-

372 1615 574 1672 rochiae
606 1614 727 1671 sint
752 1615 894 1673 bene

371 1692 571 1751 distinc
577 1693 821 1752 tialocis
836 1706 893 1753 et

367 1771 658 1831 Parochiis
670 1773 879 1831 vicinis
887 1816 900 1830 .

305 1850 383 1906 20.
399 1852 492 1909 An
512 1873 670 1909 unus
688 1852 894 1912 Pastor

369 1933 607 1990 sufficiat
652 1951 757 2008 pro
792 1932 892 1990 ad-

369 2011 891 2070 ministrationeSa-

368 2101 802 2149 crementorum.

307 2167 382 2223 21.
397 2171 485 2226 An
502 2171 762 2245 singulis
771 2170 891 2229 die-

369 2248 469 2305 bus
484 2249 817 2308 Dominicis
832 2271 892 2308 a-

365 2346 526 2402 quam
555 2329 873 2387 benedicat.

307 2407 383 2463 22.
393 2408 586 2483 anue
605 2410 891 2484 populum

372 2499 647 2564 aspergat.

308 2567 384 2622 23.
407 2567 520 2626 Ubi
561 2569 742 2626 moris
789 2580 891 2636 est,

371 2657 429 2702 ut
455 2648 714 2723 populus
742 2648 893 2707 inter

374 2725 588 2785 Pascha
606 2739 662 2784 et
684 2727 890 2786 Pente«

369 2818 550 2865 costen
560 2818 903 2884 aspergatur

367 2904 505 2960 aqua
558 2907 635 2945 ex
690 2887 890 2963 Bapti-

370 2967 528 3024 sterio
567 2967 889 3043 desumpta,

369 3046 593 3118 quando
614 3048 721 3103 illa
739 3066 891 3121 aqua

373 3126 892 3201 seponiturexBap-

370 3202 598 3263 tisteriO.

305 3278 382 3334 24.
408 3284 498 3340 An
538 3283 890 3358 quandoque

371 3360 547 3421 visitet
579 3363 833 3421 Scholas.

307 3439 381 3493 25.
400 3440 489 3498 An
514 3443 717 3518 vigore
746 3461 888 3518 prae-

367 3519 476 3577 stiti
563 3522 880 3594 juramenti

367 3612 592 3658 conetur
646 3602 881 3660 inventa

366 3696 699 3738 conservare.

307 3754 381 3809 26.
396 3757 466 3813 Et
481 3777 585 3834 pro
601 3779 767 3835 posse
782 3758 877 3817 de-

368 3838 574 3908 perdita
600 3838 880 3896 Eccloeiae

374 3914 507 3975 bona
531 3937 877 3994 recuperare.

308 3990 384 4047 27.
406 3995 497 4054 An
536 3999 740 4057 habeat
775 3998 875 4054 ho-

374 4085 570 4134 nestam
639 4075 874 4135 vivendi

371 4157 805 4230 competentiam.

308 4229 384 4283 28·
407 4232 519 4291 Aut
530 4236 743 4310 quibus
759 4255 876 4293 me·

374 4308 473 4368 diis
480 4314 668 4386 juvari
679 4315 875 4391 possit.

363 4410 459 4447 ΥΟΕ.
477 4415 529 4450 Π.

1185 461 1759 533 franca-motae
1787 467 1846 527 of
1869 468 2135 531 versun.

1002 666 1095 720 29.
1129 665 1220 721 An
1238 666 1302 723 in
1324 663 1604 741 Θερίῐιιῐο

1078 743 1198 801 sive
1218 740 1463 820 §panno
1481 744 1604 805 Br-

1082 820 1261 882 tauali
1292 826 1603 883 secundum

1079 913 1289 961 statuta
1306 905 1600 978 juraverit.

997 983 1090 1036 30.
1120 983 1217 1039 An
1285 985 1601 1042 secundum

1075 1063 1601 1138 moremantiquum

1075 1139 1599 1218 inQuadrag-aeims

1079 1221 1320 1279 celebret
1418 1222 1596 1299 Syno-

1071 1298 1212 1356 dum
1239 1301 1501 1358 lai'calcm
1517 1305 1545 1359 Ρ

992 1380 1086 1435 31.
1116 1379 1214 1436 An
1285 1380 1599 1439 constituat

1069 1457 1265 1516 Testes
1309 1459 1430 1517 sive
1460 1461 1593 1518 Sca·

1070 1535 1236 1595 binos
1263 1538 1592 1615 synodales.

991 1618 1083 1672 32.
1111 1618 1285 1682 Quos

990 1698 1083 1752 33.
1104 1697 1200 1753 An
1218 1696 1592 1774 ActaSynodi

1069 1775 1292 1833 laicalis
1309 1776 1373 1833 in
1394 1777 1591 1836 Pasto-

1068 1854 1178 1911 rali
1216 1855 1448 1932 Synodo
1490 1877 1590 1915 seu

1069 1933 1343 2009 Capitulo
1379 1936 1592 2012 scripto

1069 2013 1285 2071 oestm&

989 2093 1080 2148 34.
1094 2092 1192 2149 An
1213 2093 1290 2165 (si
1300 2092 1502 2152 Pastor
1517 2094 1590 2152 sit

1068 2172 1341 2230 territorii
1395 2174 1436 2230 J
1440 2174 1589 2232 ulia-

1066 2251 1249 2309 censis
1283 2263 1385 2309 aut
1424 2254 1588 2311 Mon-

1067 2331 1269 2401 tensis)
1340 2332 1590 2391 Concor-

1068 2408 1200 2467 data
1228 2409 1587 2470 Provisiona-

1066 2488 1147 2547 lia
1174 2488 1320 2548 inter
1339 2490 1588 2550 Serenis-

1067 2569 1240 2628 simos
1266 2581 1322 2628 et
1351 2571 1591 2630 Revmum

1071 2648 1250 2708 Elect.
1271 2650 1468 2708 Colon.
1488 2651 1590 2707 ἆυ.

1065 2739 1121 2786 et
1158 2729 1382 2787 Ducem
1410 2730 1589 2788 Juliae

1068 2808 1337 2877 &c-inita,
1347 2809 1593 2885 diligen-

1067 2897 1151 2945 ter
1179 2888 1451 2947 observet.

987 2967 1063 3022 35
1104 2967 1200 3024 An
1237 2968 1589 3026 Monasteria

1067 3045 1131 3102 in
1175 3046 1436 3105 districtu
1474 3046 1586 3105 Pa-

1064 3135 1307 3184 storatus
1377 3127 1587 3202 reperi-

1063 3216 1252 3262 antur.

985 3284 1083 3339 36.
1126 3285 1308 3358 Cujus
1349 3284 1586 3343 Ordinis

1064 3374 1119 3421 et
1147 3384 1327 3422 sexus.

985 3444 1079 3499 37.
1107 3447 1203 3500 An
1298 3443 1585 3521 Religioni

1061 3523 1246 3597 aliqui
1338 3523 1586 3598 privatos

1061 3614 1246 3659 coetus
1260 3602 1506 3660 habeant
1523 3602 1586 3660 in

1065 3681 1293 3740 villulis
1326 3701 1442 3740 non
1474 3682 1586 3740 Pa·

1063 3760 1430 3819 rochialibus.

983 3841 1077 3898 38.
1106 3839 1204 3896 An
1269 3840 1344 3898 ad
1409 3841 1584 3899 Paro-

1059 3918 1248 3976 chiam
1332 3921 1586 3995 quando-

1059 4018 1172 4072 que
1199 3999 1444 4066 veniant,
1482 4000 1586 4074 qui

1059 4077 1331 4136 dicuntur
1365 4078 1586 4136 Termi·

1060 4156 1225 4213 narii.

982 4237 1075 4293 39.
1104 4236 1287 4310 Cujus
1349 4237 1587 4295 Ordinis

1060 4316 1155 4372 illi
1182 4316 1314 4373 sint.

2878 475 3029 548 257

2420 673 2514 728 44.
2525 673 2623 730 An
2633 673 2837 732 Pastor
2846 686 3025 733 atten-

2500 753 2613 819 dat,
2636 763 2834 810 utrum
2856 755 3021 812 Alta·

1711 672 1807 727 40.
1836 670 2077 736 Quoties
2099 690 2198 746 per
2218 691 2318 728 an-

1788 770 1950 807 num.

1710 831 1804 886 41.
1834 830 1932 887 An
1958 829 2163 887 habeat
2191 849 2314 905 per-

1789 908 2118 967 missionem
2134 909 2207 966 ab
2223 911 2332 967 Or-

1786 988 2030 1046 dinatio.

2501 831 2668 899 ristae,
2684 853 2784 890 seu
2800 834 3021 892 Vicarii

2497 912 2829 979 Missarum,
2920 925 3023 971 aut

2494 991 2744 1049 aliarum
2798 993 3020 1068 obliga-

1706 1069 1800 1124 42.
1830 1068 1928 1125 An
1975 1067 2310 1126 concionen-
2493 1069 2719 1127 tionum
2764 1072 3020 1130 debitum

1786 1158 1896 1203 tur.
2492 1149 2800 1225 diligenter
2816 1154 3031 1226 persol-

1704 1228 1796 1284 43.
1817 1226 1940 1283 Aut
1956 1225 2099 1300 quid
2117 1237 2309 1302 agant.
2493 1241 2647 1285 vant.

2069 1323 2256 1381 LXV.
2286 1322 2639 1381 Sacellanus.

1748 1401 2109 1461 l.AnPastor
2123 1422 2307 1460 unum
2448 1405 2503 1460 4.
2534 1402 2749 1461 Utrum
2804 1407 2988 1466 officio

1782 1483 2089 1557 autplures
2105 1482 2308 1540 habeat
2487 1502 2595 1541 suo
2661 1484 2967 1560 diligenter

1780 1560 2124 1618 Sacellanos.
2488 1562 2824 1637 fungantur.

1743 1644 1794 1698 2.
1824 1641 2128 1705 Quomodo
2206 1661 2305 1700 no-
2448 1644 2500 1697 5.
2530 1642 2629 1699 An
2654 1643 2796 1719 ipsis
2824 1644 3012 1702 debita

1780 1719 2087 1778 minentur.
2485 1719 2560 1778 sit
2601 1723 2890 1799 assignata
2924 1724 3009 1782 vi·

1740 1802 1793 1855 3.
1824 1801 1917 1856 An
1946 1799 2122 1857 iidem
2153 1820 2190 1856 a
2222 1801 2303 1858 le·
2486 1801 2655 1859 vendi
2691 1815 3008 1880 competen-

1777 1877 1986 1954 gitimo
2003 1878 2306 1955 Superiora
2486 1880 2585 1936 tia.

1777 1957 2314 2025 examinati,admis-
2447 1959 2498 2015 6.
2527 1959 2749 2026 Qualis.

1778 2037 1846 2105 si,
1870 2039 2186 2113 approbati.

1860 2141 2083 2201 LXVI.
2116 2146 2435 2205 Deseruitor
2463 2146 2819 2205 pastoratus.

1746 2220 1792 2276 l.
1820 2221 1991 2287 Quod
2020 2222 2070 2280 si
2098 2223 2303 2282 Pastor
2482 2225 2653 2284 vendi
2687 2237 3006 2302 competen-

1779 2301 2084 2360 defunctus
2100 2303 2191 2369 sit,
2200 2315 2303 2362 aut
2482 2304 2636 2362 tiam.

1781 2400 1896 2439 non
1915 2382 2174 2448 resideat,
2184 2384 2301 2441 De-
2409 2383 2498 2441 11.
2525 2384 2786 2449 Qualem.

1778 2460 2019 2521 servitor
2098 2463 2264 2537 cujus
2409 2464 2498 2521 12.
2528 2462 2742 2521 Utrum
2786 2463 2988 2522 Pastor

2483 2543 3006 2602 autDeservitorsit

2486 2623 2817 2699 Religiosus
2863 2622 3004 2682 Pro-

2481 2701 2677 2760 fessus.

2410 2781 2498 2838 13.
2526 2783 2706 2855 Cujus
2741 2782 3005 2840 nominis.

2411 2862 2497 2918 14.
2527 2862 2708 2935 Cujus
2735 2862 2988 2920 Ordinis.

2407 2942 2498 2998 15.
2527 2942 2658 3006 Qua
2671 2943 3007 3000 auctoritate

2483 3040 2582 3078 seu
2637 3020 2874 3079 licentia
2932 3022 3007 3079 sit

2480 3119 2738 3175 egressus
2774 3120 2841 3157 ex
2876 3101 3003 3159 Mo-

2482 3179 2745 3236 nasterio.

2408 3259 2495 3314 16.
2526 3259 2620 3315 An
2680 3239 2761 3314 111³
2805 3258 3006 3316 habitu

2481 3337 2805 3395 Monastico
2852 3337 3003 3396 incc-

2478 3415 2592 3472 dat.

2407 3496 2495 3553 17.
2525 3497 2622 3552 An
2640 3494 2913 3570 requisita
2929 3496 3002 3554 ad

1735 3575 1791 3630 8.
1820 3575 1877 3631 A
1902 3594 2039 3649 quo-
2478 3574 2922 3634 administratio-

1736 3658 1788 3711 9.
1818 3654 1875 3710 A
1894 3673 2012 3729 quo
2033 3664 2298 3729 tempore.
2478 3673 2610 3711 nem
2663 3654 3004 3713 documenta

1700 3733 1787 3789 10.
1817 3733 1912 3791 An
1968 3734 2167 3792 habeat
2214 3733 2298 3791 vi-
2480 3734 2699 3792 habeat.

1838 3836 2096 3895 LXVII.
2133 3838 2414 3906 Γερανίας,
2441 3857 2538 3895 seu
2568 3838 2866 3896 Altarista.

1739 3918 1786 3973 1.
1815 3917 1997 3991 Cujus
2024 3917 2291 3975 nominis.
2439 3919 2492 3973 5.
2525 3919 2620 3975 An
2670 3918 2872 3977 habeat
2919 3920 2999 3977 le-

1735 4000 1787 4054 2.
1815 3996 1872 4053 Α
1897 4016 2015 4071 quo
2042 4007 2294 4072 tempore
2480 3996 2687 4072 gitima
2827 3998 2999 4056 docu-

1772 4076 1847 4133 sit
1877 4075 2270 4134 Beneficiatus.
2421 4089 2428 4095 ’
2475 4087 2682 4133 menta.

1730 4159 1784 4212 3.
1812 4155 1933 4212 Ubi
1988 4175 2295 4213 commore·
2439 4157 2491 4212 6.
2511 4155 2602 4213 Ad
2617 4154 2758 4229 quid
2776 4155 2993 4231 oblige-

1771 4244 1868 4291 tur
2474 4245 2582 4291 tur.

2438 4317 2491 4372 7.
2519 4312 2838 4378 Quomodo,
2908 4313 2996 4371 uti

1776 2541 2047 2599 nominis.

1743 2622 1794 2677 2.
1825 2620 1915 2677 Ex
1968 2624 2085 2695 qua
2131 2625 2304 2681 causa

1778 2698 1984 2757 Pastor
2010 2701 2181 2759 aboet.

1738 2781 1791 2834 3.
1819 2780 1874 2837 Α
1894 2799 2013 2853 quo
2036 2791 2301 2857 tempore.

1737 2860 1790 2915 4.
1819 2859 1914 2916 An
1926 2859 2304 2919 cumlicentia

1760 2938 2301 3015 autdispensatione.

1739 3021 1789 3074 5.
1820 3017 2019 3092 Cujus.

1739 3097 1791 3152 6.
1818 3097 1915 3154 An
1925 3117 2102 3155 causa
2116 3098 2302 3158 adhuc

1775 3176 1959 3234 duret.

1737 3258 1788 3312 7.
1818 3256 1914 3313 An
1955 3255 2027 3312 ad
2066 3257 2301 3315 eandem

1774 3335 2183 3393 deservituram
2222 3336 2301 3394 sit

1773 3415 2129 3472 examinatus
2180 3426 2236 3473 et

1773 3494 2073 3553 admissus.

1732 4316 1789 4371 4.
1818 4277 1916 4371 A‘n
1943 4314 2108 4373 bonae
2135 4314 2285 4372 vitae.

1695 4419 1719 4452 S
