3882 5037
409 480 584 537 sm.
605 476 711 534 1x.
741 475 821 548 3.]
1476 469 1719 537 tium
1747 470 1806 532 of
1831 469 2094 541 obusta.
2995 470 3141 546 375

523 681 584 734 3.
625 678 682 736 A
712 678 957 735 Cmon
984 694 1057 732 ro
1083 693 1198 733 ‘nm
1223 672 1428 738 Uenus
1457 670 1654 734 Ruta!
1683 690 1752 731 or
1780 693 1897 732 ‘ruz
1923 673 2181 732 Dmcsss
2208 692 2277 731 or
2304 674 2592 741 Cassi-sn,
2620 672 2771 731 A.D.
2788 689 3023 730 πίωσιν.

494 770 792 827 coRAM
833 761 1022 826 Rev⁶⁰.
1049 766 1113 824 in
1138 768 1364 829 Christo
1390 770 1506 828 ΡΞ
1547 778 1603 827 et
1643 769 1781 827 nso
1813 769 1953 827 mo
1982 751 2183 826 wissio
2211 768 2581 828 Miseraeord.
2621 769 2840 828 Divina
2866 767 3144 826 cestrien.

415 854 552 938 Ep&
603 861 666 919 in
713 861 960 919 Pallatio
1007 879 1115 917 suo
1161 860 1328 936 Epffli
1376 864 1552 920 Cestr.
1600 858 1782 936 pubce
1825 857 1945 919 ibffi
1986 881 2091 938 pro
2134 860 2362 919 Trifiali
2404 861 2467 920 in
2514 861 2695 937 p'ntia
2739 860 2854 918 mei
2899 860 2941 917 J
2944 859 3145 918 oannis

413 953 677 1029 Mai-gell
704 942 873 1011 Nom.
902 943 1106 1018 Pub'ffi,
1135 946 1325 1010 xxviffl.
1354 952 1446 1012 die
1472 951 1679 1011 mensis
1706 952 1894 1018 Junii,
1922 971 2074 1010 anno
2102 952 2272 1011 Dom.
2298 954 2468 1010 1594.

497 1044 734 1109 Quibus
774 1042 868 1101 die
908 1053 965 1100 et
1004 1042 1129 1100 loco
1169 1053 1607 1120 comparuerunt
1628 1036 1752 1120 ΡΨ.
1781 1044 2067 1102 Robertus
2096 1044 2370 1119 Collegae
2407 1044 2564 1101 A.M.
2593 1041 2868 1106 Betanuss
2894 1037 3145 1104 Rutuli&

413 1129 754 1198 Daumius
791 1133 860 1191 de
884 1133 1276 1211 Warrington,
1318 1121 1500 1195 Jobes
1535 1134 1918 1193 Osbaldeston
1951 1134 2108 1193 AM.
2138 1133 2220 1195 Β.
2241 1134 2323 1195 Ε.
2348 1133 2462 1195 ῧῧ.
2504 1136 2576 1193 de
2618 1135 2964 1201 Blackburn,
2992 1134 3145 1192 Tho·

414 1248 547 1285 mas
603 1226 959 1285 Richardson
1011 1227 1113 1283 cr.
1168 1224 1250 1286 a.
1272 1226 1354 1287 st.
1377 1223 1491 1286 mv.
1548 1227 1620 1284 de
1676 1228 2057 1294 manchester,
2114 1212 2296 1285 Jo‘iies
2349 1227 2515 1303 Hyde
2555 1227 2659 1285 cr.
2706 1223 2788 1285 n.
2809 1225 2890 1285 n.
2915 1223 3027 1285 Βῆ.
3075 1225 3147 1283 de

416 1317 836 1383 Macclesfield,
864 1300 1038 1376 Joiies
1075 1319 1244 1376 Shaw
1285 1319 1390 1377 Cl'.
1421 1316 1502 1378 B.
1524 1318 1607 1379 R.
1630 1315 1746 1378 δῦ.
1775 1319 1961 1376 Medii
1988 1318 2139 1385 Vici,
2182 1317 2453 1376 Willffius
2484 1316 2746 1393 Lingard
2774 1318 2878 1375 01⁸.
2906 1314 2989 1377 U.
3016 1318 3148 1378 Vici

414 1409 706 1477 MalbanL
748 1421 806 1468 et
854 1410 1061 1467 Petrus
1105 1410 1418 1470 Makinson
1464 1411 1568 1469 C1·.
1597 1408 1679 1470 B.
1699 1409 1783 1469 R.
1806 1407 1918 1469 wss.
1964 1410 2035 1468 de
2083 1409 2364 1486 Leyland,
2405 1420 2463 1466 et
2509 1408 2696 1466 dictus
2739 1400 2943 1467 re'x'r'dus
2984 1420 3148 1486 pater

415 1502 652 1559 monuit
677 1512 734 1560 et
762 1500 1012 1575 injunxit
1038 1521 1151 1568 eos,
1180 1511 1238 1559 et
1277 1521 1478 1560 eorum
1518 1501 1846 1578 quemlibet,
1887 1497 2007 1559 tarn
2048 1502 2260 1560 virtute
2294 1502 2750 1575 juramentorum
2782 1519 3016 1558 suorum
3058 1486 3146 1560 {ils

417 1595 514 1663 (ut
544 1593 698 1651 idem
727 1579 929 1651 re'ir'dus
955 1604 1117 1669 pater
1143 1595 1406 1666 asseruit)
1447 1594 1521 1651 ad
1561 1604 1755 1652 sancta
1784 1592 1896 1652 Dei
1922 1594 2246 1670 Evangelia
2286 1587 2545 1670 primitiis
2585 1610 2686 1667 per
2713 1611 2809 1650 eos
2849 1592 3143 1670 praestitor.

415 1680 603 1759 quam
647 1685 816 1742 etiam
860 1683 967 1742 sub
1009 1688 1179 1760 poenss
1206 1685 1355 1759 juris
1403 1685 1465 1742 in
1505 1686 1659 1761 ipsos
1701 1684 1994 1761 infligend.
2037 1705 2174 1743 casu
2203 1705 2320 1759 quo
2355 1685 2578 1743 decreto
2606 1683 2742 1742 dicti
2784 1683 2938 1743 revdi
2970 1685 3147 1761 patris

416 1776 748 1851 subscripto
788 1796 984 1853 parere
1022 1777 1397 1853 neglexerint,
1431 1771 1710 1853 quateniis
1755 1776 1866 1854 ipsi
1906 1786 1965 1833 et
2007 1796 2207 1835 eorum
2248 1776 2491 1851 quilibet
2530 1775 2680 1834 infra
2724 1794 2973 1834 mensem
3014 1786 3146 1851 post

414 1869 631 1926 festum
657 1867 950 1925 Paschalis
975 1868 1233 1941 quolibet
1274 1887 1554 1926 annorum
1585 1887 1744 1943 prox.
1783 1868 2053 1943 sequend.
2093 1887 2210 1926 non
2250 1863 2435 1926 solum
2473 1877 2665 1925 notam
2693 1867 2996 1945 perfectam
3024 1888 3143 1926 om-

414 1959 590 2017 nium
617 1968 675 2015 et
703 1957 1067 2034 singulorum
1096 1968 1564 2017 testamentorum
1593 1978 1693 2036 per
1711 1978 1806 2018 eos
1833 1961 2159 2036 probatoru.
2181 1969 2237 2018 et
2265 1956 2590 2017 admra'c'om
2619 1977 2719 2034 per
2746 1978 2845 2018 eos
2866 1959 3144 2017 commiss.

418 2060 480 2107 et
510 2068 760 2106 concess.
791 2044 912 2106 una
951 2068 1082 2106 cum
1123 2048 1361 2107 summis
1403 2060 1639 2126 separat.
1672 2049 2081 2127 obligationem
2109 2060 2164 2108 et
2201 2049 2531 2108 nominibus
2557 2049 2809 2125 partium
2837 2048 3144 2126 obligatur.

419 2136 628 2199 verimi
653 2140 824 2199 etiam
866 2161 1029 2199 veras
1070 2141 1261 2217 copias
1289 2140 1676 2199 detentionum
1719 2141 1902 2228 eismet
1947 2161 2148 2200 eorum
2192 2141 2429 2198 cuilibet
2472 2139 2533 2197 in
2575 2139 2999 2198 visitationibus
3028 2140 3145 2197 suis

417 2235 496 2310 p'.
527 2242 728 2290 sentat.
769 2231 922 2290 infra
962 2251 1208 2291 mensem
1255 2243 1384 2308 post
1428 2232 1639 2290 festum
1682 2233 1936 2300 Michlis,
1979 2228 2100 2291 una
2137 2252 2267 2289 cum
2309 2231 2531 2289 actibus
2566 2229 3002 2306 quibuscunque
3042 2250 3146 2307 pro

420 2323 777 2400 poenitentiis
805 2334 998 2381 contra
1026 2323 1359 2382 criminosos
1386 2309 1582 2382 humei
1608 2324 1670 2382 in
1697 2325 1945 2382 recordis
1973 2323 2166 2383 vestiis
2194 2322 2361 2380 inact.
2386 2319 2597 2379 introit.
2628 2331 2684 2378 et
2712 2319 2917 2396 regi-'an
2945 2333 3002 2380 et
3028 2341 3146 2379 cer-

421 2415 731 2474 tificatoria
772 2415 1051 2491 separnlia
1091 2416 1358 2492 poeniten.
1397 2415 1613 2483 huffioi,
1657 2437 1723 2474 ac
1770 2415 1945 2474 etiam
1992 2412 2258 2475 excoiE'at.
2302 2430 2664 2489 quorumque
2709 2410 2860 2470 infra
2903 2415 3145 2472 betanat.

425 2506 602 2585 praed.
623 2501 746 2565 und.
772 2527 906 2564 cum
947 2507 1039 2565 die
1088 2528 1302 2567 excom.
1333 2517 1391 2567 et
1430 2518 1684 2586 tempore
1723 2508 1785 2567 in
1824 2529 1955 2585 quae
1996 2518 2271 2567 steterunt
2312 2527 2525 2566 excom.
2569 2504 2754 2563 eidem
2795 2502 2961 2564 re‘ir'do
3001 2504 3151 2582 patri

425 2599 836 2676 subscription.
875 2621 1155 2658 manuum
1197 2621 1433 2659 suarum
1475 2601 1685 2678 pariter
1728 2601 2206 2659 exhibeant—Et
2247 2598 2491 2658 ulterius
2531 2596 2718 2655 dictus
2759 2597 2964 2656 reii'dus
2991 2609 3152 2674 pater

421 2692 653 2749 monuit
679 2701 737 2750 et
762 2690 1017 2764 injunxit
1043 2692 1210 2751 dictis
1235 2690 1456 2756 uetanis
1480 2704 1536 2751 et
1561 2712 1760 2751 eorum
1790 2692 2046 2760 cuilibet,
2076 2703 2359 2768 quatenus
2395 2691 2505 2768 ipsi
2540 2691 2602 2748 in
2632 2691 2888 2765 qufilibet
2915 2677 3152 2749 ecclesia

424 2785 551 2842 sive
573 2784 791 2859 capella
818 2784 968 2842 infra
992 2787 1232 2844 betauat.
1272 2784 1517 2862 praedict.
1560 2780 1598 2841 ὲ
1631 2784 1985 2860 quibuslibet
2012 2788 2243 2852 curatis,
2269 2784 2592 2848 lectoribus,
2621 2793 2679 2841 et
2717 2782 3153 2858 ludimagistris,

427 2874 616 2933 officio
664 2894 771 2932 suo
812 2875 1186 2952 fungentibus
1232 2889 1486 2954 tempore
1527 2877 1916 2935 visitationum
1962 2897 2196 2935 suarum
2244 2876 2446 2934 hux‘iioi
2489 2873 2787 2950 inquirant
2833 2895 2908 2931 an
2954 2875 3152 2933 huii‘ioi

427 2966 681 3033 lectum,
729 2969 909 3025 curati
956 2969 1075 3027 sive
1125 2969 1383 3046 magistri
1432 2979 1566 3026 sunt
1608 2970 1681 3027 ad
1729 2970 2041 3028 instruend.
2089 2971 2180 3028 vel
2227 2970 2299 3026 ad
2346 2968 2541 3028 divina
2588 2966 2903 3025 celebrand.
2952 2960 2991 3022 ὲ.
3035 2966 3153 3024 dfio

433 3054 601 3116 reiido
645 3069 804 3133 patre
847 3059 969 3117 sive
1019 3061 1142 3133 ejus
1191 3057 1426 3118 autb‘aeite
1468 3059 1678 3117 ibidem
1726 3060 1996 3118 licentiat.
2078 3062 2158 3119 Et
2202 3061 2359 3136 quod
2402 3059 2542 3119 dicti
2588 3058 2996 3133 ludimagistri,
3031 3058 3151 3115 sive

431 3149 611 3205 curati
638 3149 834 3207 literas
861 3149 1059 3208 hut'iioi
1087 3151 1136 3208 si
1178 3172 1322 3228 quas
1350 3151 1596 3209 habeant
1636 3152 1954 3219 ostendant,
1992 3162 2049 3210 et
2088 3171 2226 3208 casu
2266 3173 2385 3227 quo
2411 3150 2782 3227 inquisitione
2824 3148 3154 3221 hujusmodi

431 3240 747 3298 constiterit
770 3241 998 3317 aliquos
1025 3253 1263 3311 curatos,
1291 3245 1547 3311 lectores,
1576 3244 1696 3302 sive
1726 3242 2175 3320 ludimagistrOS,
2196 3262 2314 3300 non
2342 3243 2520 3300 fuisse
2548 3235 2802 3318 legitime
2828 3237 2891 3295 in
2917 3238 3060 3295 locis
3088 3238 3152 3297 in

431 3330 643 3403 quibus
671 3345 1099 3392 commorantur
1125 3335 1397 3393 licentiat.
1424 3335 1638 3393 eisdem
1678 3332 1901 3398 betonis
1929 3344 1987 3393 et
2027 3354 2225 3392 eorum
2254 3332 2490 3392 cuilibet
2530 3332 2640 3389 sub
2676 3331 2845 3406 poenfi
2882 3327 3152 3404 praedictfi

435 3419 700 3494 injunxit,
728 3435 1010 3499 quatenus
1051 3427 1161 3504 ipsi
1206 3427 1276 3484 de
1322 3438 1574 3502 tempore
1616 3427 1679 3484 in
1728 3437 1953 3503 tempus
1994 3425 2226 3482 nomina
2265 3424 2578 3481 eorundem
2621 3439 2739 3478 non
2776 3419 3150 3477 licentiatoru.

434 3515 601 3601 pne-d.
629 3515 816 3574 eidem
841 3510 1011 3575 re‘it'do
1038 3519 1185 3594 patri
1225 3519 1546 3586 exhibeant,
1575 3530 1632 3578 et
1666 3518 1823 3595 quod
1867 3517 1929 3575 in
1974 3516 2255 3574 mandatis
2298 3516 2435 3573 dant
2474 3509 2809 3591 guardianis
2849 3509 3153 3584 cujuslibet

435 3606 627 3663 eccliae
651 3606 774 3664 sive
799 3609 1031 3683 capellae
1074 3608 1355 3684 praedictae
1379 3620 1661 3686 quatenus
1702 3609 1813 3684 ipsi
1841 3606 2172 3682 hujusmodi
2213 3607 2466 3672 lectores,
2496 3614 2553 3662 et
2586 3614 2811 3661 curatos
2855 3601 2929 3659 ad
2955 3602 3152 3661 divina

432 3697 767 3756 celebranda
808 3699 919 3756 nisi
961 3698 1174 3757 fuerint
1216 3697 1476 3776 legitime
1522 3699 1816 3766 licentiati,
1843 3700 2007 3756 nullo
2048 3697 2218 3755 modo
2264 3697 2453 3754 sinant
2496 3695 2603 3752 sub
2647 3695 2817 3771 poenfi
2857 3704 3148 3753 contuma-

433 3789 652 3847 ciamm
692 3799 821 3865 post
860 3791 1273 3849 mentionatum
1313 3791 1563 3859 fecerint,
1605 3790 1901 3865 infligend.
1947 3800 2003 3847 et
2046 3789 2270 3846 monuit
2310 3788 2533 3846 eosdem
2575 3788 2809 3848 betanus
2855 3797 2913 3843 et
2953 3804 3148 3844 eorum

431 3880 745 3954 quemlibet
771 3882 982 3956 qusstus
1010 3884 1123 3958 ipsi
1151 3895 1345 3941 notam
1373 3882 1676 3959 perfectam
1702 3880 1764 3937 in
1791 3881 1939 3938 libro
1967 3879 2170 3956 papyri
2199 3877 2537 3955 descriptam
2564 3877 2635 3935 de
2664 3896 2926 3952 processu
2954 3897 3060 3935 suo
3089 3876 3151 3933 in

431 3970 788 4036 mantibus
814 3973 934 4031 suis
960 3993 1061 4051 per
1086 3994 1348 4033 annuum
1373 3974 1621 4049 spatium
1649 3973 1753 4029 ult.
1790 3971 2055 4047 praeterit.
2086 3971 2195 4028 sub
2232 3970 2497 4028 manibus
2526 3968 2648 4027 suis
2675 3967 2991 4026 exhibeant.
3074 3966 3151 4023 Et

376 4132 389 4146 ⁸
433 4073 629 4138 postea
655 4065 768 4139 rid.
787 4065 940 4122 xxm.
968 4065 1061 4124 die
1100 4066 1311 4124 mensis
1350 4066 1392 4123 J
1398 4066 1505 4123 ulii
1543 4084 1694 4122 anno
1723 4063 1848 4121 Dffi
1876 4080 2114 4121 unxmv.
2154 4063 2321 4139 praed.
2358 4081 2539 4139 comp.
2567 4053 2765 4136 comp².
2798 4053 2903 4151 pm
2929 4046 3150 4116 Ricbus

434 4153 623 4212 Eaton
650 4156 845 4223 clicus,
871 4158 1107 4222 mmmm
1146 4154 1357 4220 tutaliss
1383 4145 1680 4218 betanatfiss
1720 4155 1791 4214 de
1817 4154 2154 4219 Frodsham,
2191 4164 2248 4211 et
2288 4153 2472 4210 dictus
2512 4152 2716 4211 reVdus
2744 4163 2903 4226 pater
2929 4150 3152 4207 monuit

433 4256 497 4303 et
521 4244 767 4319 injunxit
794 4247 851 4306 ei
877 4248 982 4307 sub
1009 4252 1179 4326 poenss.
1207 4249 1376 4326 praed.
1406 4249 1480 4307 ad
1520 4246 1887 4325 perimplend.
1917 4255 1977 4304 et
2016 4245 2396 4321 performand.
2423 4243 2648 4301 decreta
2683 4242 2952 4319 praedicta
2979 4252 3036 4298 et
3074 4239 3146 4297 ad

435 4335 671 4396 faciend-
709 4333 882 4415 proiit
925 4336 1191 4417 superius
1237 4340 1582 4398 inactitatur.
1664 4341 1744 4398 Et
1798 4350 1993 4415 postea
2036 4344 2477 4413 comparuerunt
2519 4324 2617 4425 pm
2675 4332 2810 4390 dicti
2866 4331 3148 4389 Robertus
