3882 5037
783 450 935 521 256

1569 443 2344 524 amentia—Quantum!
2371 443 2740 509 Botummts.

831 731 884 786 1.
912 727 1082 795 Quod
1110 727 1159 784 si
1187 746 1256 784 ex
1277 726 1563 803 praedictis
1592 725 1774 791 bonis,
1795 725 2092 791 reditibus,

867 806 1328 872 obventionibus,
1377 816 1479 863 aut
1519 804 1752 878 juribus
1801 805 2093 870 Ecclesiae,

867 887 1247 952 Vicariarum,
1305 884 1719 961 Hospitalium,
1775 884 2092 942 Fundatio-

868 987 1027 1032 num,
1045 967 1145 1023 διο.
1176 965 1290 1022 sint
1318 965 1516 1039 aliqua
1542 963 1944 1039 oppignorata,
1960 984 2093 1021 ven·

865 1046 1005 1110 dita,
1032 1054 1367 1120 permutata,
1409 1044 1730 1108 imminuta,
1771 1054 1872 1100 aut
1913 1054 2094 1100 trans·

866 1125 1014 1185 lata:
1055 1124 1315 1192 addatur,
1339 1144 1603 1198 quaenam
1633 1121 1737 1178 illa
1757 1122 1885 1189 sint,
1908 1143 1944 1179 a
1961 1142 2095 1197 quo,

866 1204 1115 1278 quande,
1142 1204 1449 1277 quomodo,
1469 1222 1660 1277 quare,
1687 1212 1744 1259 et
1771 1202 1932 1274 cujus
1960 1221 2095 1258 auc·

869 1283 1106 1341 toritate.

829 1364 882 1417 2.
913 1362 974 1418 Si
995 1381 1132 1459 quae
1161 1361 1459 1456 pensiones
1483 1360 1798 1436 redemptae‚
1820 1371 1922 1417 aut
1949 1359 2099 1416 bona

868 1436 1020 1497 licite
1046 1461 1111 1497 ac
1146 1436 1398 1516 legitime
1435 1440 1682 1506 vendita,
1710 1440 2015 1514 quomodo,
2043 1449 2101 1495 et

869 1540 969 1598 per
993 1539 1168 1595 quem
1195 1520 1495 1598 applicatae
1524 1530 1657 1575 sunt
1686 1518 1959 1594 pecuniae,

830 1603 882 1656 3.
914 1604 1008 1656 An
1037 1598 1188 1657 bona
1212 1599 1474 1674 quaedam
1503 1598 1576 1654 ab
1603 1598 1731 1654 aliis
1758 1597 1828 1654 de
1858 1598 2023 1662 factu,
2044 1607 2102 1653 et

868 1699 904 1735 a
922 1678 1150 1754 quibus,
1172 1688 1459 1753 occupata,
1487 1677 1607 1735 sive
1634 1676 1945 1751 deperdita,
1972 1675 2099 1751 qui-

868 1758 1090 1832 busque
1120 1756 1319 1815 mediis
1346 1776 1412 1814 ea
1438 1755 1758 1831 recuperari
1788 1755 2017 1831 possint,
2048 1765 2103 1813 et

868 1847 1082 1912 quanta
1120 1855 1222 1913 pro
1262 1835 1335 1893 iis
1377 1834 1773 1912 recuperandis
1807 1835 1955 1892 facta
1992 1834 2105 1892 fuit

869 1914 1185 1990 diligentia.

829 1997 884 2051 4.
916 1995 1012 2052 Αιι
1041 2005 1352 2070 pratorum,
1376 1992 1663 2069 jugerum,
1689 2011 1976 2068 agrorum,
2003 1991 2105 2049 ali-

870 2094 1105 2133 orumve
1159 2073 1414 2138 elocatio,
1454 2072 1760 2149 anticipata
1800 2073 2105 2138 solutione,

871 2155 1026 2211 ultra
1046 2152 1372 2218 triennium,
1395 2153 1486 2210 vel
1506 2152 1579 2208 ad
1607 2151 1762 2227 quod
1784 2161 2027 2230 tempus,
2049 2162 2106 2208 et

869 2234 1100 2308 quibus»,
1124 2232 1299 2308 idque
1322 2251 1421 2309 per
1443 2231 1737 2307 publicum
1756 2231 2104 2290 instrumen-

875 2323 1001 2370 tum
1019 2315 1132 2378 fiat,
1154 2332 1345 2369 coram
1357 2311 1578 2385 justitia
1596 2310 1726 2375 loci,
1746 2312 1838 2368 vel
1859 2311 2106 2369 Notario

873 2392 1071 2467 aliquo
1106 2392 1356 2468 publice,
1385 2411 1517 2448 cum
1555 2394 1816 2448 accurata
1842 2391 2104 2466 designa-

874 2472 1028 2530 tione
1057 2492 1244 2530 rerum
1272 2472 1632 2530 elocatarum.

836 2557 893 2609 5.
922 2552 1020 2609 An
1047 2552 1197 2609 dicta
1224 2552 1373 2608 bona
1401 2549 1768 2628 pensionibus
1794 2560 1895 2607 aut
1921 2549 2107 2607 oneri-

872 2631 982 2687 bus
1022 2631 1134 2687 sint
1176 2641 1434 2704 gravata,
1464 2640 1521 2688 et
1559 2629 1816 2704 quibus?
1886 2629 2006 2687 sive
2032 2649 2106 2686 an

870 2710 1067 2766 affecta
1094 2719 1324 2784 propter
1351 2708 1670 2766 exactiones
1691 2708 1946 2766 Domino
1968 2707 2107 2765 Pro-

871 2787 1105 2846 vinciali
1147 2807 1263 2844 non
1299 2788 1524 2844 solutas.
1607 2788 1895 2852 Quantum
1925 2786 2108 2843 adhuc

873 2865 1145 2934 debeant;
1193 2865 1516 2940 quibusque
1557 2865 1756 2922 mediis
1801 2865 2108 2922 Creditori-

874 2945 996 3011 bu5‚
1028 2957 1128 3001 aut
1168 2944 1420 3003 Domino
1461 2943 1811 3001 Provinciali
1851 2943 2110 3001 satisfieri

875 3024 1068 3101 possit.
1153 3023 1251 3080 An
1283 3023 1597 3099 pensiones,
1620 3033 1720 3080 aut
1748 3042 1921 3080 onera
1948 3043 2108 3081 exce·

874 3103 1010 3160 dant
1039 3103 1394 3161 medietatem
1433 3122 1755 3160 annuorum
1788 3102 2109 3171 redituum;

874 3193 930 3241 et
958 3203 1035 3240 an
1060 3182 1398 3240 Ordinarius
1419 3182 1660 3257 desuper
1687 3181 2107 3257 dispensaverit.
2217 3185 2304 3241 11.
2332 3183 2440 3241 Vel
2470 3202 2506 3239 a
2529 3183 2756 3257 quibus.

2217 3265 2304 3321 12.
2334 3263 2532 3337 CujuS,
2553 3274 2653 3319 aut
2673 3281 2814 3336 quo-

836 3268 890 3322 6.
919 3263 983 3320 Si
1014 3283 1145 3338 quae
1185 3263 1350 3328 bona,
1381 3275 1479 3319 aut
1521 3262 1734 3320 reditus
1761 3261 2108 3329 Pastoratsts,

878 3343 1236 3401 Vicariarum
1257 3343 1356 3399 διο.
1382 3341 1496 3399 sint
1523 3341 1583 3398 in
1605 3341 1738 3409 lite3
1781 3340 2105 3416 specificen-

874 3434 960 3481 ter
1009 3442 1142 3479 cum
1187 3421 1389 3479 debitis
1438 3419 1892 3488 circumstantiis,
1943 3431 1999 3478 et
2044 3422 2106 3478 in

873 3503 1088 3577 quibus
1117 3501 1375 3559 terminis
1402 3500 1476 3558 sit
1504 3520 1690 3557 causa.

3246 447 3436 520 [ΡΑιιτ
3461 448 3512 504 Ι.

2238 650 2291 702 7.
2322 645 2449 710 Vel,
2479 644 2527 702 si
2550 645 2815 719 quaedam
2843 645 2905 703 in
2926 646 3090 721 pium
3113 666 3288 704 usum
3310 648 3507 705 Eccle-

2276 724 2375 782 siae
2422 725 2537 781 sint
2580 725 2788 799 legata,
2828 745 2931 783 nec
2974 726 3047 783 ab
3096 727 3509 785 Executoribus

2275 804 2548 861 hactenus
2589 804 2829 861 tradita:
2873 804 3131 874 addatur,
3158 826 3421 881 quaenam
3453 818 3510 863 et

2274 882 2472 958 qualia
2511 883 2615 940 illa
2654 883 2790 947 sint,
2831 904 2896 941 ac
2937 885 3150 958 quibus
3178 886 3290 944 viis
3332 886 3509 961 recipi

2276 961 2514 1039 possint,
2551 973 2617 1018 ut
2667 963 2779 1038 piae
2820 963 3183 1022 Τωιαιοιιιιιι
3225 965 3509 1022 voluntati

2279 1042 2535 1099 satisfiat.

2240 1124 2294 1178 8.
2324 1121 2582 1178 Tandem
2596 1120 2836 1178 addatur
2851 1121 3185 1196 Registrum
3204 1123 3323 1181 sive
3343 1125 3512 1199 plena

2278 1200 2583 1276 descriptio
2625 1200 2907 1258 bonorum
2946 1202 3236 1269 Ecclesiae,
3261 1203 3509 1260 Vioeria.

2280 1301 2429 1345 rum,
2476 1279 3018 1338 confraternitatum
3067 1282 3167 1338 ἃς.
3217 1276 3337 1339 una
3382 1302 3512 1339 cum

2282 1358 2570 1417 modernis
2597 1357 2896 1425 limitibus,
2918 1360 3049 1426 situ,
3078 1380 3331 1425 numero,
3355 1381 3510 1419 men-

2282 1443 2432 1504 sura,
2462 1437 2729 1496 oneribus
2756 1448 2811 1496 et
2837 1439 2965 1495 aliis
2991 1439 3449 1498 circumstantiis.

2243 1519 2296 1573 9.
2328 1518 2491 1583 Item,
2511 1516 2613 1573 ubi
2634 1516 2854 1584 Pastor,
2877 1518 3111 1584 Vicarii,
3130 1519 3510 1577 Administra-

2283 1608 2431 1654 tores
2458 1596 2713 1672 praedicti
2739 1610 3074 1655 conservent
3098 1609 3152 1656 et
3189 1599 3511 1657 custodiant

2283 1676 2479 1742 libros,
2506 1676 2744 1741 chartas,
2767 1676 3124 1743 documenta,
3146 1678 3403 1753 registra,
3423 1679 3512 1735 in-

2283 1754 2539 1815 ventaria
2566 1754 2974 1813 obventionum
3011 1769 3068 1813 et
3104 1777 3356 1823 onerum,
3385 1777 3513 1815 nec-

2283 1855 2399 1892 non
2453 1844 2757 1910 computus
2809 1855 3045 1893 suarum
3110 1836 3511 1894 administrati-

2284 1933 2480 1972 onum.

2428 2048 2665 2106 LXIII.
2709 2050 2929 2106 Domus
2957 2047 3293 2106 pastoralis.

2252 2152 2301 2207 1.
2332 2151 2426 2208 An
2456 2151 2695 2228 integra.
2913 2151 3514 2219 UtrumVicariiaAl·

2252 2234 2305 2288 2.
2333 2231 2656 2289 Destructa.
2973 2232 3210 2297 taribus,
3255 2243 3357 2289 aut
3405 2234 3515 2289 Ca-

2248 2312 2302 2367 3.
2331 2310 2428 2367 An
2456 2321 2594 2368 tota.
2972 2310 3517 2387 pellissintpropriae

2247 2392 2303 2447 4.
2336 2389 2428 2446 Ex
2458 2408 2574 2463 qua
2599 2399 2776 2466 parte.
2974 2390 3122 2447 aedes
3249 2410 3518 2459 annexae;

2251 2472 2303 2527 5.
2332 2470 2389 2527 A
2408 2488 2524 2544 quo
2554 2481 2814 2548 tempore.
2974 2488 3093 2545 quo
3119 2469 3181 2528 in
3204 2480 3355 2528 statu
3384 2470 3516 2529 sint.

2251 2551 2303 2606 6.
2337 2549 2448 2607 Per
2473 2569 2635 2623 quos.
2913 2549 3084 2615 Quod
3113 2550 3163 2606 si
3185 2549 3517 2619 destructae;

2251 2631 2304 2685 ’1.
2333 2630 2464 2694 Qua
2487 2629 2795 2687 occasione.
2972 2629 3221 2704 quand0‚
3237 2649 3337 2705 per
3354 2649 3516 2704 quos,

2250 2712 2303 2765 8.
2330 2709 2427 2765 An
2455 2719 2708 2782 gravata,
2739 2707 2815 2765 si·
2971 2729 3089 2784 qua
3103 2709 3437 2767 auctoritate
3457 2710 3517 2768 id

2287 2808 2355 2845 ve
2383 2787 2649 2845 oneribus
2680 2787 2812 2844 sub-
2971 2786 3200 2845 factum.

2282 2867 2446 2940 jecta.
2912 2866 3190 2925 Similiter
3220 2888 3295 2925 an
3336 2867 3519 2926 Ludi-

2249 2949 2302 3002 9.
2332 2946 2573 3011 Quibus.
2972 2946 3243 3022 magister
3280 2958 3337 3005 et
3373 2948 3518 3004 Cus-

2216 3027 2303 3082 10.
2334 3025 2430 3082 An
2459 3024 2804 3082 inhabitetur
2974 3035 3062 3083 tos
3093 3025 3361 3084 Ecclesiae
3388 3045 3519 3102 pro·

2288 3123 2324 3159 a
2352 3105 2627 3162 Parocho.
2974 3104 3128 3181 prias
3170 3105 3313 3163 aedes
3352 3106 3521 3163 habe-

2975 3195 3112 3253 ant;
3169 3185 3259 3242 vel
3308 3205 3382 3241 an
3429 3186 3523 3242 de-

2978 3274 3236 3320 structaex
3301 3265 3523 3339 specifi-

2976 3353 3179 3399 centur
3223 3362 3341 3400 una
3387 3363 3520 3400 cum

2975 3422 3307 3479 eorumdem
3424 3423 3521 3480 ob·

2976 3501 3356 3559 ventionibus.

2291 3361 2419 3399 rum
2487 3341 2815 3418 sumptibus

2287 3419 2597 3557 repagassea
2622 3421 2815 3486 soleat,

2289 3511 2393 3556 aut
2459 3520 2490 3557 e
2598 3511 2638 3556 t.

1449 3806 1608 3865 Paas
1636 3807 2154 3866 Posrsmoa.—De
2189 3806 2517 3864 Visitatione
2544 3806 2863 3866 Personalz'.

1209 3918 1431 3976 LXIV.
1465 3919 1689 3978 Pastor.

846 3999 893 4054 l.
921 3996 1102 4072 Cujus
1129 3998 1399 4057 nominis.
1580 3997 1980 4056 nistrationem
2007 4018 2106 4057 an·

840 4081 893 4135 2.
923 4077 1148 4136 AEtatis.
1580 4088 1636 4136 te
1746 4077 2109 4136 Pastoratum

838 4163 892 4214 3.
922 4157 1155 4215 Gradus
1184 4167 1287 4214 aut
1311 4167 1430 4214 stu·
1577 4157 1854 4215 habuerit.

876 4238 976 4295 dii.
1544 4241 1598 4295 5.
1627 4235 1811 4312 Super
1829 4256 1949 4311 quo
1970 4236 2108 4294 titu-

833 4319 887 4374 4.
918 4318 1165 4383 Qualem
1196 4314 1381 4373 admi-
1580 4317 1642 4374 lo
1669 4315 1993 4373 ordinatus.

2224 4037 2231 4042 -
2257 4002 2308 4056 ⁷.
2336 4000 2481 4064 Quae
2513 3998 2802 4057 Beneficia

2962 3920 3016 3978 9.
3046 3877 3475 3995 Raeignatione.

2927 4002 3015 4058 10.
3030 4001 3169 4091 ’Aut
3241 4010 3527 4076 permuta-

3004 4090 3172 4136 tione.

2253 3921 2307 3975 6.
2335 3919 2472 3976 Ubi.

2293 4078 2462 4135 modo
2491 4079 2789 4154 possideat.

2254 4159 2309 4213 8.
2336 4159 2434 4216 An
2454 4158 2821 4217 Pastoratum
2930 4161 3016 4216 ll.
3046 4160 3142 4216 An
3182 4157 3386 4217 habeat
3427 4157 3528 4218 do-

2292 4237 2607 4295 obtinuerit
2750 4257 2824 4296 ex

2294 4327 2489 4374 morte.

3000 4248 3266 4295 cumenta
3328 4238 3531 4314 primae

3001 4327 3267 4374 tonsurae.
