3882 5037
828 474 980 544 258
1602 466 2371 547 appmutx.—etonttnmta1
2398 467 2768 533 worumnus.
3292 472 3478 545 [Pmr
3501 472 3553 529 Ι.

906 672 1141 746 juravit,
1211 672 1433 748 obliga·
1545 673 1631 728 13.
1662 672 1845 745 Cujus
1875 670 2021 728 vitae.
2532 670 2718 728 LXX.
2756 672 2954 727 Custos
2980 671 3260 727 Ecclesiae.

915 752 1061 810 tioni
1089 750 1412 808 satisfaciat.
1544 753 1630 808 14.
1660 752 1958 816 Quantum
1997 750 2143 808 Rec-
2296 750 2340 806 1.
2371 750 2553 824 Cujus
2581 749 2847 807 nominis.
2958 750 3045 806 ll.
3074 750 3168 806 An
3223 749 3334 826 ipsi
3388 769 3555 809 orna·

875 833 929 887 8.
958 832 1053 889 An
1089 830 1212 906 ipse
1248 848 1348 906 per
1378 850 1438 887 se
1617 840 1709 887 tor
1732 829 1929 887 altaris
1955 829 2019 887 in
2045 828 2143 887 ab·
2289 829 2342 885 2.
2371 829 2831 887 AnCatholicus.
3023 828 3554 887 mentatraditauna

916 909 1235 967 satisfaciat.
1619 909 1802 967 sentia
1810 909 1945 967 inde
1955 927 2144 967 annue
2289 910 2343 964 3.
2367 910 2462 966 An
2483 908 2762 965 admissus
2780 908 2852 965 de
3024 927 3155 964 cum
3226 908 3558 967 Inventario

881 994 934 1047 9.
956 989 1049 1045 An
1068 989 1142 1045 sit
1157 988 1438 1046 Sacerdos.
1620 989 1911 1065 percipiat.
2297 1005 2570 1046 consensu
2584 988 2852 1045 Pastoris.
3023 988 3367 1044 eorumdem.

844 1071 929 1125 10.
957 1067 1051 1124 An
1068 1068 1139 1124 ad
1157 1079 1369 1125 statum
1385 1068 1484 1124 Sa·
1547 1069 1633 1125 l5.
1650 1068 1817 1133 Quod
1845 1068 1893 1125 si
1924 1068 2144 1126 Benefi·
2289 1067 2344 1123 4.
2378 1067 2455 1124 Et
2484 1068 2695 1142 praevio
2721 1087 2851 1125 exa-
2959 1068 3046 1124 12.
3074 1067 3172 1123 An
3221 1068 3428 1124 vendat
3470 1069 3554 1126 vi-

916 1148 1253 1205 cen-dotalem
1282 1147 1504 1222 aspiret.
1620 1148 1777 1204 cium
1840 1148 1916 1205 sit
1977 1147 2143 1204 alteri
2331 1145 2485 1202 mine
2508 1142 2723 1205 Betim(
2752 1156 2854 1203 aut
3034 1165 3191 1202 num.

842 1228 930 1283 11.
946 1226 1115 1291 Quod
1132 1226 1181 1283 si
1202 1246 1301 1302 per
1317 1227 1501 1283 alium
1620 1226 1870 1295 unitum,
1885 1226 2144 1293 addatur,
2331 1224 2599 1282 Pastoris.
2962 1227 3048 1282 13.
3078 1225 3173 1282 An
3200 1226 3544 1283 cerevisiam.

915 1306 1258 1382 obligationi
1315 1306 1473 1363 satis·
1624 1306 1722 1363 cui
1755 1306 2055 1364 Beneficio.
2293 1306 2343 1359 5.
2372 1304 2468 1361 An
2496 1314 2625 1361 ante
2646 1303 2853 1360 admis-
2963 1304 3264 1361 14.Vinum
3276 1305 3563 1362 adustum.

916 1384 1121 1442 faciat:
1191 1397 1476 1459 quantum
1552 1388 1637 1444 16.
1667 1385 1756 1442 Ex
1785 1405 1904 1460 qua
1930 1403 2114 1442 causa.
2328 1382 2545 1440 sionem
2578 1382 2853 1459 praestite·
2960 1386 3048 1440 15.
3080 1385 3175 1440 An
3196 1384 3446 1459 hospites
3474 1405 3553 1442 re·

916 1464 1269 1522 Deservitori
1286 1464 1484 1523 altaris
1552 1467 1636 1523 17.
1667 1467 1721 1522 A
1737 1484 1853 1539 quo
1875 1475 2145 1541 tempore.
2330 1462 2407 1519 rit
2435 1462 2684 1520 debitam
2716 1482 2853 1519 cau·
3034 1463 3223 1536 cipiat.

914 1563 1103 1600 annue
1125 1543 1306 1601 detur.
1550 1548 1635 1602 18.
1653 1544 1748 1601 An
1773 1544 2043 1602 oneribus
2060 1564 2142 1600 sa-
2331 1540 2557 1599 tionem.
2954 1541 3170 1598 Utrum
3200 1542 3260 1600 in
3279 1542 3555 1601 electione

845 1626 927 1681 12.
959 1623 1140 1695 Cujus
1189 1622 1440 1679 nominis
1623 1623 1815 1681 tisfiat.
2291 1620 2344 1676 6.
2367 1620 2463 1677 An
2486 1619 2678 1678 fecerit
2692 1619 2853 1693 jura·
3034 1632 3136 1678 aut
3157 1621 3554 1679 constitutione

918 1702 1262 1760 Deservitor.
1549 1703 1634 1760 19.
1665 1702 1778 1760 Per
1803 1721 1994 1777 quem.
2331 1710 2588 1757 mentum
2607 1700 2851 1757 fidelita·
3033 1699 3466 1774 Mag-istrorum,

839 1813 1134 1907 LXVHI'.
1162 1812 1312 1891 Maff
1315 1814 1441 1869 5⁸1⁷*-
1470 1815 1881 1908 H⁰⁸pilal²⁸²im
1911 1815 2147 1871 Funda'
2291 1778 2454 1916 'gig-n
2465 1856 2858 1915 emiseritPro·
3032 1779 3555 1917 ἓὲῧξῗιιῐΐίυῗυῗίἱ

884 1982 904 2036 l
959 1981 1010 2045 Q
1090 1898 1264 1949 ‘²⁰⁷¹ae
1282 1912 1636 1969 pauperum*
1666 1894 1895 1951 AEddes'
2086 1982 2099 1995 .
2329 1937 2629 1997 sessionem
2659 1937 2808 1994 fidei.
3033 1902 3422 2013 magistri’aut
3444 1940 3552 1997 Ec·

916 2021 929 2035 ·
975 2059 987 2071 .
1015 1981 1261 2037 u⁰m⁰d⁰
1337 2001 1438 2040 ΠΟ·
1594 1982 2150 2074 consensupastmls’
2288 2019 2341 2073 8.
2386 2017 2482 2074 An
2545 2016 2855 2091 diligenter
3031 2018 3218 2076 cloeiae
3287 2019 3553 2076 Custodis

914 2072 1224 2116 minantur.
1583 2065 1633 2119 7.
1683 2063 1779 2120 An
1828 2083 2143 2120 necessaria
2328 2096 2607 2171 fungatur
2634 2096 2833 2154 officio·
3032 2108 3330 2155 occurrant
3345 2098 3556 2172 aliquae

877 2142 927 2195 2·
957 2138 1261 2231 Catholici.
1374 2219 1387 2231 ‚
1620 2141 2070 2234 snbministrfm.
2288 2178 2340 2232 9.
2352 2176 2448 2233 An
2464 2175 2605 2234 sciat
2621 2188 2853 2233 cantum
3032 2177 3434 2235 contentiones.

875 2223 930 2274 3.
959 2218 1054 2274 An
1085 2239 1196 2276 vm
1229 2219 1409 2294 probi.
1582 2223 1633 2276 8.
1660 2222 1754 2279 An
1778 2232 2143 2297 praestltermt
2328 2254 2769 2330 Gregorianum·
2952 2253 3121 2314 Unde
3144 2256 3267 2313 ἱδρῶ
3282 2257 3553 2315 oriantur,

873 2298 927 2353 4·
956 2297 1300 2373 Diligentes·
1612 2302 2020 2373 juramentum·
2076 2302 2139 2358 fi·
2256 2336 2340 2391 10.
2372 2334 2466 2391 An
2516 2334 2850 2400 Ecclesiam,
2951 2334 3049 2393 An
3091 2335 3406 2394 etiamnum
3448 2337 3554 2393 du-

878 2381 928 2434 5.
958 2376 1250 2452 Perpetui.
1619 2380 1883 2438 delitatis.

872 2456 1024 2513 6.An
1038 2458 1300 2532 quaedam
1314 2477 1442 2534 pro·
1542 2459 1694 2517 9.An
1708 2458 2141 2518 emiserintPro-

932 2548 1132 2595 curent
1224 2538 1438 2612 absque
1619 2539 1918 2598 sessionem
1948 2541 2095 2598 fidei.

2327 2414 2559 2488 ejusque
2570 2432 2863 2473 ornamen-
3032 2426 3170 2473 rent.

2329 2502 2387 2551 ta
2414 2493 2475 2551 in
2513 2493 2734 2552 decenti
2763 2493 2851 2551 ni·
2951 2493 3249 2560 Quomodo
3286 2496 3553 2571 componi

2328 2583 2449 2631 tore
2475 2584 2780 2632 conservet.
3035 2586 3278 2649 possent.

1140 2660 1365 2759 13XIX.
1399 2664 1842 2742 Ludimyssler·
2374 2680 2599 2738 LXXI.
2634 2682 2809 2738 Circa
2840 2681 3109 2756 Qfficium
3140 2682 3432 2738 Divinum.

881 2747 926 2801 1.
957 2745 1054 2802 An
1101 2749 1317 2822 aliquis
1372 2749 1434 2806 in
1541 2752 1632 2809 12.
1689 2751 1785 2808 An
1849 2752 2144 2812 Scholares
2301 2761 2343 2815 l.
2385 2760 2561 2824 Quali
2635 2771 2835 2818 utatur
3033 2760 3176 2817 duas
3219 2761 3428 2818 Missas
3482 2760 3551 2817 de

911 2824 1208 2882 Parochia.
1617 2840 1732 2887 tam
1754 2831 1818 2887 in
1846 2831 2059 2906 pietate
2086 2846 2142 2890 et
2331 2838 2642 2898 Breviario.
3033 2840 3126 2896 die
3154 2841 3414 2897 celebret.

873 2905 924 2958 2.
956 2903 1008 2959 Α
1031 2923 1150 2995 quo
1169 2915 1434 2981 tempore.
1617 2908 1782 2966 bonis
1865 2911 2141 2977 moribus,
2295 2920 2345 2975 2.
2374 2919 2551 2985 Quali
2579 2918 2824 2977 Missali.
2960 2922 3046 2976 13.
3060 2921 3188 2985 Qua
3201 2918 3553 2977 auctoritate.

871 2987 924 3038 3.
952 2983 1153 3047 Qualis
1180 2995 1281 3041 est.
1614 3008 1790 3062 quam
1824 2989 1889 3046 in
1931 2989 2140 3048 doctri·
2289 2999 2345 3052 3.
2372 2998 2469 3055 An
2511 2998 2853 3074 quandoque
2958 3000 3153 3056 14.An
3171 2998 3420 3075 singulis
3436 2999 3553 3056 die-

870 3063 924 3117 4.
952 3062 1252 3153 Quomodo
1332 3084 1434 3122 no·
1615 3087 1691 3124 na
1717 3067 2027 3146 diligenter
2053 3070 2141 3128 in·
2329 3076 2389 3133 in
2442 3077 2703 3135 Ecclesia
2755 3078 2851 3135 de·
3033 3078 3139 3136 bus
3158 3077 3484 3136 Dominicis
3503 3080 3556 3136 ἃ

915 3153 1187 3199 minatur.
1295 3222 1307 3235 .
1615 3157 1812 3204 struat.
2328 3167 2624 3213 cantentur
2642 3157 2853 3232 aliquae
3009 3157 3281 3215 ‚Festivis
3359 3158 3555 3215 Missas

875 3224 925 3277 5.
955 3221 1050 3277 An
1088 3222 1432 3281 Catholicus.
1540 3227 1629 3282 13.
1658 3227 1753 3284 An
1784 3228 1919 3287 illos
1948 3229 2143 3287 doceat
2328 3236 2478 3292 horae
2506 3237 2822 3295 Canonicae.
3031 3236 3300 3294 Officium
3324 3237 3388 3294 in
3423 3256 3553 3312 pro·

871 3302 923 3357 6.
955 3302 1408 3370 Ecclesiasticus,
1613 3318 1844 3363 cantum
1858 3307 2144 3367 Ecclesiae.
2291 3317 2344 3372 4.
2374 3315 2495 3372 Aut
2522 3315 2652 3373 alia.
3033 3316 3161 3392 pria
3173 3316 3430 3374 Ecclesia
3447 3335 3572 3393 per-

910 3401 985 3438 an
1017 3381 1246 3440 Laicus.
1541 3387 1628 3443 14.
1658 3386 1754 3443 An
1790 3386 1987 3445 doceat
2024 3409 2138 3446 mo·
2291 3398 2340 3451 5.
2370 3395 2526 3459 Quae.
3030 3406 3179 3472 agat.

872 3463 1028 3517 7.An
1040 3461 1293 3520 emiserit
1305 3462 1448 3522 Pro·
1615 3465 1756 3522 dum
1797 3465 2139 3526 inserviendi
2285 3476 2337 3530 6.
2368 3474 2624 3538 Quando.
2956 3475 3045 3532 15.
3074 3475 3169 3531 An
3195 3473 3357 3531 statis
3384 3474 3556 3533 horis.

911 3538 1206 3598 sessionem
1238 3541 1383 3598 fidei.
1617 3545 1830 3602 Missae.
2289 3557 2342 3610 7.
2373 3552 2688 3619 Quomodo,
2958 3556 3045 3612 16.
3077 3555 3173 3610 An
3202 3574 3333 3610 cum
3361 3565 3556 3611 cantu.

872 3620 924 3673 8.
955 3618 1049 3675 An
1066 3620 1345 3677 admissus
1367 3620 1436 3679 de
1545 3625 1632 3681 15.
1662 3623 1759 3680 An
1781 3624 1915 3683 illos
1935 3625 2138 3683 Domi·
2287 3634 2339 3688 8.
2375 3632 2487 3690 Per
2510 3652 2672 3706 quos.
2958 3636 3044 3691 17.
3069 3633 3213 3698 Quis
3229 3634 3556 3691 Celebranti

899 3717 1175 3756 consensu
1196 3709 1251 3756 et
1280 3701 1493 3773 praevio
1612 3703 1759 3759 nicis
1794 3714 1851 3761 et
1887 3706 2138 3763 Festivis
2286 3716 2338 3769 9.
2368 3711 2465 3768 An
2512 3722 2702 3770 exacte
2748 3710 2848 3768 ob-
3032 3712 3318 3770 ministret
3365 3722 3421 3770 et
3468 3731 3555 3771 re·

900 3772 1116 3834 metant
1144 3774 1498 3845 OEbtfisstiani-
1611 3782 1683 3838 ad
1701 3783 2023 3842 Ecclesiam
2044 3806 2136 3843 co-
2325 3802 2635 3848 servcntur.
3028 3792 3318 3867 spondeat.

898 3852 1038 3917 tatis
1065 3857 1339 3914 examine.
1613 3862 1858 3927 mitetur.
2252 3870 2337 3925 10.
2369 3870 2604 3934 Quoties
2632 3869 2693 3926 in
2724 3869 2847 3946 sep-
2954 3874 3042 3928 18.
3074 3871 3173 3928 An
3229 3869 3555 3928 Dominicis

870 3934 924 3988 9.
953 3933 1051 3990 An
1126 3936 1288 3993 locus
1360 3938 1432 3995 ad
1543 3942 1630 3998 16.
1649 3942 1744 3998 An
1767 3943 2016 4000 seniores
2037 3943 2136 4002 do-
2322 3949 2537 4006 timaua
2650 3950 2846 4007 Missae
3027 3961 3084 4007 et
3120 3949 3367 4008 Festivis
3407 3951 3552 4008 Mis-

911 4011 1145 4071 Scholas
1173 4016 1434 4091 speciali·
1609 4033 1730 4077 ceat
1750 4023 1983 4080 modum
2002 4042 2134 4081 con·
2321 4028 2674 4085 Sacrificium
2706 4028 2841 4086 offe·
3023 4050 3143 4087 sam
3158 4029 3556 4087 defunctorum

912 4102 996 4150 ter
1024 4093 1350 4186 deputatus.
1612 4101 1807 4158 fitendi
1817 4112 2135 4160 etcommu·
2323 4117 2426 4164 rat.
3024 4109 3285 4167 celebret.

842 4174 925 4228 10.
956 4174 1114 4238 Quos
1134 4174 1313 4233 hbros
1333 4176 1431 4233 do·
1612 4180 1858 4238 nicandi.
2246 4189 2335 4246 11.
2366 4186 2458 4243 Ad
2477 4196 2618 4261 quot
2636 4186 2844 4246 Missas
2952 4190 3040 4247 19.
3061 4189 3157 4245 An
3174 4199 3395 4245 statuto
3412 4199 3548 4246 tem-

913 4262 1047 4309 ceat.
1540 4260 1627 4315 17.
1656 4258 1882 4325 Quibus
1929 4260 2133 4318 mediis
2322 4265 2628 4340 obligetur.
3028 4287 3164 4343 pore
3219 4268 3553 4325 solemniter

840 4334 925 4389 11.
955 4331 1270 4395 Quomodo.
1612 4349 1972 4397 sustentetur.
2249 4348 2335 4403 12.
2364 4345 2460 4402 An
2501 4346 2845 4421 quandoque
3027 4346 3324 4404 benedicat
3335 4347 3558 4406 cereos,
