3882 5037
1397 465 1641 532 matese
1669 466 1727 526 ot
1751 464 1958 537 metz.
2888 473 3039 544 239

347 480 488 535 Sec-r.
509 475 639 549 VLJ

341 675 662 751 cog-nomina
699 671 960 731 omnium
987 672 1380 747 parochorum,
1409 680 1465 728 et
1493 668 1837 726 vicariorum
1877 688 2111 726 suorum
2148 670 2222 727 ad
2249 670 2630 729 sacerdotium
2657 691 2773 729 non
2814 692 3039 749 promo-

339 779 530 834 torum,
576 788 692 827 non
738 763 1127 830 residentium,
1178 784 1281 822 nec
1326 783 1443 821 non
1490 761 2125 829 excommunicatorum,
2174 772 2233 820 et
2283 764 2647 841 publicorum
2695 765 3041 823 concubina-

341 860 554 924 riorum,
584 856 999 922 usurariorum,
1029 867 1085 914 et
1109 856 1355 914 aliorum
1398 854 1458 912 id
1496 854 1724 930 generis
1754 854 2036 911 damnatae
2075 857 2540 924 conversationis,
2570 857 2619 914 si
2658 858 2761 931 qui
2801 855 3040 917 forsitan

339 950 458 1016 sint,
482 945 521 1007 a
545 950 715 1007 domo
743 948 858 1006 Dei
898 947 1365 1021 dejiciendorum,
1392 947 1466 1005 ad
1509 948 1724 1006 fiscales
1764 957 2004 1014 nostros,
2030 948 2187 1005 omni
2227 949 2591 1007 excusatione
2631 953 2864 1016 semota,
2888 949 3040 1007 infra

339 1044 468 1101 duos
495 1063 716 1101 menses
742 1041 1016 1099 deferant.

407 1154 479 1192 lx.
516 1134 720 1192 Sciant
760 1126 1220 1206 attbipttsshgttti
1259 1151 1318 1188 se
1357 1124 1488 1187 ideo
1528 1126 1659 1186 aliis
1699 1127 2045 1204 presbyteris
2074 1149 2195 1187 esse
2236 1132 2515 1205 praelatos,
2543 1142 2609 1189 ut
2641 1152 2841 1191 eorum
2868 1131 3040 1190 saluti

336 1226 621 1284 nobiscum
663 1224 999 1300 invigilent:
1039 1234 1219 1299 utque
1245 1241 1444 1281 eorum
1485 1239 1688 1286 mores,
1717 1220 1987 1288 actiones,
2016 1222 2206 1289 verba,
2236 1219 2414 1279 immo
2454 1234 2512 1281 et
2551 1224 2899 1291 omissiones,
2924 1243 3040 1301 quo

337 1318 623 1375 viciniores
670 1315 786 1374 illis
828 1326 979 1381 sunt,
1026 1309 1357 1392 diligentius
1406 1313 1724 1378 observent,
1773 1332 1839 1370 ac
1887 1313 2284 1389 delinquentes
2333 1314 2406 1372 ad
2450 1335 2574 1381 nos,
2622 1327 2724 1372 aut
2774 1316 3041 1373 officiales

337 1422 536 1467 nostros
563 1409 837 1468 deferant.
922 1402 1143 1464 Idcirco
1185 1404 1356 1464 officii
1398 1403 1491 1461 sui
1534 1422 1811 1461 memores
1850 1417 2109 1472 caveant,
2139 1427 2210 1464 ne
2251 1406 2714 1482 delinquentibus
2753 1408 2891 1483 ipsis
2917 1408 3041 1465 ullo

337 1513 503 1575 pacto,
533 1503 730 1560 ullove
771 1511 1051 1577 praetextu
1080 1497 1439 1557 conniveant.
1520 1496 1649 1562 Sed,
1691 1495 1740 1553 si
1781 1496 1911 1570 quis
1939 1517 2008 1555 ex
2048 1498 2328 1573 parochis,
2360 1500 2603 1575 aliisque
2641 1497 2884 1556 subditis
2925 1499 3042 1555 suis

338 1588 588 1648 adversus
617 1590 852 1650 decreta
876 1594 996 1650 haec
1025 1600 1234 1657 nostra,
1262 1590 1355 1647 vel
1397 1606 1597 1646 eorum
1622 1587 1875 1663 aliquod,
1903 1599 2004 1645 aut
2044 1590 2243 1664 egerit,
2275 1602 2375 1649 aut
2413 1611 2585 1667 agere
2613 1590 2883 1656 omiserit,
2909 1611 3041 1649 eum

339 1682 552 1739 omnino
588 1682 864 1740 deferant.
946 1682 1112 1741 Alias
1151 1679 1521 1757 negligentias
1560 1697 1760 1754 poenas
1800 1679 2130 1738 arbitrarias
2170 1683 2351 1740 luant.
2433 1684 2613 1757 Cujus
2654 1681 3040 1759 negligentiae,

339 1769 495 1829 immo
523 1768 716 1851 potius
744 1773 1121 1833 conniventiae
1164 1771 1329 1832 toties
1358 1772 1442 1830 rei
1481 1772 1817 1838 habeantur,
1845 1768 2075 1848 quoties
2101 1773 2174 1830 ab
2214 1774 2330 1831 alio
2363 1774 2576 1850 aliquo,
2604 1769 2941 1852 priusquam
2968 1774 3041 1831 ab

340 1864 477 1940 ipsis,
507 1866 848 1925 criminosos
875 1866 1098 1933 deferri,
1125 1876 1183 1924 et
1209 1865 1450 1924 crimina
1477 1863 1712 1940 probari
1739 1863 2060 1938 contigerit.

408 2069 456 2107 x.
497 2050 764 2128 Singulis
805 2050 971 2108 annis
1017 2052 1123 2109 fiat
1170 2044 1474 2125 tapitulum
1517 2045 1722 2115 rurale,
1767 2043 1806 2105 ὲ.
1845 2067 1961 2124 quo
2001 2067 2170 2107 nemo
2209 2047 2361 2107 absit
2402 2047 2522 2106 sine
2548 2053 2719 2107 causa
2764 2048 3044 2124 legitima,

341 2145 502 2217 eaque
529 2140 1004 2219 atthtptesbytoeto
1032 2143 1284 2217 probata.

409 2254 479 2292 ιι.
519 2236 867 2293 Convocatis
896 2234 1160 2294 omnibus
1186 2233 1402 2292 deserat
1433 2230 1827 2307 unusquisque
1855 2251 1988 2290 suas
2023 2232 2383 2291 difficultates
2421 2232 2481 2289 in
2509 2232 2733 2310 scriptis
2765 2232 2838 2290 ad
2867 2230 3045 2301 atthi-

342 2324 744 2400 prtsbpttrum:
788 2326 967 2402 isque,
1008 2347 1138 2402 quae
1178 2336 1347 2384 erunt
1387 2323 1673 2399 gravioris
1715 2324 2005 2391 momenti,
2046 2324 2119 2382 ad
2159 2345 2281 2394 nos,
2322 2335 2424 2383 aut
2464 2325 2743 2383 vicarium
2783 2336 3044 2383 nostrum

338 2416 556 2475 deserat.

410 2529 506 2567 ιιι.
550 2511 627 2568 In
671 2508 911 2568 ecclesia
949 2528 1056 2568 suo
1095 2507 1337 2585 quisque
1376 2509 1504 2567 loco
1545 2508 1736 2567 sedeat
1769 2529 1899 2568 cum
1937 2508 2235 2587 gravitate,
2263 2518 2320 2567 et
2345 2506 2619 2567 modestia
2645 2507 3047 2585 superpellicio

341 2600 557 2660 indutus
600 2599 870 2661 decenter
910 2622 1040 2659 cum
1084 2602 1236 2679 pileo
1275 2600 1570 2676 quadram,
1612 2612 1668 2659 et
1711 2605 1944 2659 tonsura
1987 2602 2252 2669 clericali,
2292 2620 2469 2677 quam
2511 2621 2782 2660 coronam
2826 2613 3047 2659 vocant.

343 2691 515 2753 Nemo
539 2715 614 2753 ex
646 2693 884 2752 ecclesia
909 2694 1158 2752 discedat
1197 2694 1411 2768 absque
1451 2689 1912 2769 attblpttsshytttl
1941 2694 2188 2762 licentia,
2217 2705 2292 2761 et,
2324 2705 2392 2752 ut
2431 2712 2626 2752 omnes
2662 2694 2801 2761 bini,
2829 2704 2884 2752 et
2924 2695 3046 2752 bini

341 2782 392 2839 in
417 2785 714 2842 ecclesiam
740 2786 1045 2845 convenire
1085 2785 1407 2845 debuerunt
1446 2797 1717 2862 sequente
1750 2784 2244 2862 archipresbytero,
2270 2787 2351 2845 ita
2375 2798 2432 2846 et
2460 2787 2829 2862 egrediantur
2851 2787 3047 2846 eodem

342 2875 540 2942 ordine,
567 2876 949 2952 subsequente
974 2878 1143 2936 etiam
1172 2874 1665 2953 archipresbytero,
1695 2878 1797 2953 qui
1825 2880 1983 2937 solus
2010 2881 2211 2937 stolam
2242 2880 2470 2938 deferet.

410 2988 531 3026 xm.
574 2969 883 3026 Assidente
911 2989 1118 3028 mensoe
1147 2965 1638 3045 attblpttssbmtto,
1665 2989 1862 3027 omnes
1904 2970 2207 3037 assideant,
2234 2983 2527 3047 surgente,
2552 2981 2826 3046 surgant:
2880 2990 3049 3029 nemo

343 3057 407 3114 ad
432 3061 680 3134 aequales
720 3060 953 3118 haustus
995 3071 1261 3138 provocet
1301 3060 1538 3127 socium,
1565 3062 1655 3119 vel
1685 3061 2028 3138 importunis
2067 3064 2422 3122 sermonibus
2449 3064 2716 3121 lectorem
2755 3062 3049 3138 impediat,

343 3163 430 3207 aut
454 3151 759 3209 adstantes.

414 3261 525 3299 xrv.
585 3244 661 3299 In
706 3241 879 3301 missa
923 3252 1150 3301 cantent
1196 3262 1391 3301 omnes
1439 3240 1690 3301 modeste
1744 3245 2133 3322 praeeuntibus
2188 3246 2545 3304 cantoribusz
2604 3263 2771 3303 nemo
2812 3239 3049 3301 nimium

343 3331 588 3402 festinem
631 3333 693 3391 in
721 3333 1057 3391 celebranda
1096 3333 1231 3391 item
1274 3334 1462 3400 missa,
1490 3355 1662 3409 quam
1698 3356 1907 3402 omnes,
1934 3337 2036 3394 ubi
2071 3332 2361 3393 commode
2392 3335 2518 3393 fieri
2558 3334 2781 3412 poterit,
2807 3334 3051 3393 celebra-

345 3422 493 3490 bunt,
521 3424 573 3482 is
615 3424 754 3481 ordo
794 3434 1067 3491 servetur,
1093 3445 1265 3500 quem
1300 3424 1684 3500 designaverit
1711 3424 2152 3503 attblpttsbyttt
2191 3448 2261 3485 ex
2300 3428 2510 3504 scripto
2539 3428 2721 3493 affixo,
2747 3427 2875 3484 loco
2915 3445 3049 3483 con-

345 3515 530 3590 spicuo
558 3515 830 3575 ecclesiae.

417 3626 505 3663 xv.
561 3608 765 3667 Liceat
808 3606 1121 3684 unicuique
1178 3613 1402 3667 servata
1443 3609 1734 3677 modestia,
1784 3610 1833 3668 si
1878 3609 2016 3685 quid
2071 3610 2291 3676 habeat,
2336 3609 2492 3684 quod
2545 3610 2915 3678 correctione,
2959 3612 3051 3669 vel

348 3699 649 3757 mutatione
676 3710 865 3775 egeat,
893 3698 1039 3757 illud
1067 3719 1398 3777 proponere,
1426 3720 1614 3775 neque
1643 3701 1826 3758 ullam
1854 3701 1987 3760 inde
2014 3701 2207 3760 timeat
2233 3701 2345 3759 sibi
2371 3703 2730 3761 conflandam
2760 3702 3050 3761 invidiam.

419 3809 532 3847 xv1.
573 3791 745 3856 Quod
785 3790 1137 3868 propositum
1180 3792 1319 3848 erit:
1377 3791 1426 3849 si
1469 3794 1580 3851 tale
1621 3793 1711 3859 sit,
1753 3793 1908 3867 quod
1951 3793 2208 3870 expediri
2249 3794 2441 3869 possit,
2468 3788 2755 3872 extemplo
2796 3795 2943 3853 illud
2984 3816 3052 3854 ex

348 3879 575 3937 consilio
598 3878 847 3957 tepituli,
873 3885 966 3942 vel
995 3884 1307 3960 peritorum
1335 3885 1703 3962 expediatur3
1741 3886 1790 3944 si
1819 3906 1954 3944 vero
1996 3906 2083 3943 res
2124 3886 2421 3944 maturiori
2461 3886 2720 3944 examine
2757 3897 2941 3962 egeat,
2981 3888 3055 3944 ad

350 3989 458 4036 nos,
488 3984 589 4028 aut
613 3974 896 4032 vicarium
922 3987 1181 4034 nostrum
1210 3976 1503 4034 referatur.

420 4080 560 4120 xvn.
600 4064 847 4123 Librum
887 4067 1090 4126 habeat
1130 4057 1590 4143 archipresbyter,
1617 4068 1679 4125 in
1706 4089 1816 4143 quo
1855 4068 2049 4126 statim
2077 4067 2325 4126 describi
2365 4081 2543 4136 curet,
2571 4078 2627 4126 et
2666 4067 3053 4133 resolutiones,

353 4154 789 4232 munitionesque
815 4158 1005 4227 factas,
1032 4170 1098 4217 ut
1131 4155 1310 4236 supra
1342 4160 1561 4218 dictum
1599 4170 1701 4226 est,
1731 4179 1949 4235 suoque
1987 4161 2170 4237 sign0,
2198 4170 2255 4217 et
2286 4160 2671 4236 procuratoris
2698 4159 2806 4223 sui,
2836 4159 2971 4215 item
2997 4169 3055 4214 et

353 4246 643 4312 secretarii,
671 4268 838 4322 quem
871 4252 1129 4329 elegerit,
1159 4262 1344 4311 totum
1373 4253 1615 4317 roboret,
1645 4261 1702 4308 et
1731 4252 2041 4309 confirmet.

427 4354 589 4394 xvm.
630 4339 880 4399 Caveant
915 4340 1227 4418 diligenter
1271 4342 1520 4421 parochi,
1558 4363 1649 4409 ne,
1695 4362 1812 4419 quo
1864 4354 2113 4421 tempore
2158 4343 2268 4421 ipsi
2316 4342 2377 4399 in
2422 4361 2605 4400 unum
2654 4337 3053 4396 convenientes
