3882 5037
837 380 991 455 270
1614 374 2384 454 ssppmbix.—Gonttnsutal
2412 372 2782 439 Detummts.
3304 378 3498 451 [PART
3519 380 3568 435 Ι.

839 583 1084 640 similem
1107 590 1438 656 potestatem
1465 580 1722 643 habente,
1758 572 2015 651 legitime
2055 577 2370 655 approbata
2408 579 2501 637 vel
2543 577 2815 654 permissa
2853 575 3080 635 fuerint.
3162 576 3257 635 Sic
3284 597 3376 637 me
3401 578 3566 637 Deus

838 674 1076 747 adjuvet
1101 684 1158 730 et
1185 672 1303 729 haec
1332 672 1539 734 Sancta
1565 670 1679 729 Dei
1706 669 2042 745 Evangelia.

1754 783 2161 842 Juasmmwu
2189 783 2654 842 Ossa-marcum*

920 892 959 947 J
963 901 1133 948 urent
1158 889 1316 964 quod
1344 887 1587 947 infantes
1623 879 1661 943 ὲ
1699 906 1758 945 se
1792 886 2153 963 excipiendos
2179 880 2534 962 quantocius,
2563 886 2654 944 vel
2683 885 2885 942 saltem
2913 884 3064 943 intra
3090 896 3203 943 tres
3230 884 3352 944 dies
3380 886 3562 963 bapti-

843 981 960 1037 zari
998 980 1302 1046 curabunt,
1329 990 1434 1037 aut
1460 978 1508 1035 si
1536 977 1945 1037 obsistentibus
1973 977 2303 1055 parentibus
2334 977 2423 1036 vel
2449 976 2648 1035 amicis
2675 976 2735 1034 id
2760 976 2974 1035 efficere
3000 996 3114 1035 non
3156 978 3378 1054 possint
3405 980 3562 1055 quod

844 1092 976 1130 mox
1006 1070 1221 1148 pastori
1248 1069 1358 1129 loci
1383 1068 1819 1128 denuntiabunt.

2002 1160 2242 1220 Decreta
2268 1162 2323 1217 et
2353 1159 2644 1218 ordinata
2673 1158 2933 1217 Dioeoesis
2963 1159 3370 1228 Gandavensn's,
3399 1180 3451 1237 p.
3469 1162 3560 1219 74.

1613 1436 1828 1495 SECT.
1859 1431 2289 1498 IV.—ffllottsae
2317 1430 2377 1492 of
2399 1386 2784 1492 nummosve.-

906 1568 1177 1628 Smomu.
1201 1569 1663 1627 eonsmnnons
1692 1585 1771 1625 on
1799 1582 1914 1624 ‘rme
1941 1583 2147 1623 nunes
2175 1582 2245 1623 or
2271 1560 2748 1638 ssttbpttsbnttts
2776 1556 2971 1621 mutat
2999 1581 3070 1621 or
3094 1581 3209 1621 ‘mn
3238 1564 3491 1623 Diocasn

1297 1679 1366 1719 or
1394 1660 1743 1725 Ruanmonm,
1779 1677 1852 1715 av
1881 1659 2101 1715 Bienor
2127 1656 2403 1715 Wuum
2430 1657 2690 1721 Lucum,
2717 1653 2867 1712 A.D.
2888 1672 3098 1711 unnxx.

927 1792 964 1830 ι.
1012 1772 1219 1838 QUIA
1259 1792 1378 1831 non
1418 1773 1605 1830 levem
1646 1770 1834 1830 oneris
1876 1768 2075 1836 nostri,
2123 1768 2454 1843 laborisque
2495 1764 2858 1825 ecclesiastici
2907 1766 3194 1824 sustinent
3241 1766 3559 1844 portionem

842 1860 1331 1940 attbipmbnttth
1374 1864 1768 1939 aequissimum
1795 1874 1896 1930 est,
1921 1874 1989 1920 ut
2010 1881 2127 1938 prae
2146 1860 2362 1919 caeteris
2380 1860 2553 1919 etiam
2583 1858 2919 1935 presbyteris
2945 1859 3305 1918 honorentur.
3390 1862 3559 1920 Man·

844 1957 1046 2015 damus
1072 1956 1270 2032 igitur,
1293 1967 1359 2013 ut
1387 1956 1450 2014 in
1478 1956 1746 2016 omnibus
1772 1955 2024 2013 ecclesiis
2051 1952 2474 2030 parochialibus
2503 1951 2756 2027 primum
2782 1969 3002 2027 semper
3027 1952 3220 2009 locum
3248 1952 3558 2021 obtineant,

843 2047 906 2105 in
934 2047 1149 2123 quibus
1174 2044 1405 2123 quando
1432 2048 1826 2115 versabuntur,
1855 2049 2005 2106 stola
2029 2057 2263 2104 utentur
2287 2065 2460 2122 super
2485 2042 2743 2109 candida,
2770 2043 2936 2117 quasi
2964 2053 3254 2119 pastorum
3290 2055 3557 2120 pastores,

843 2141 1140 2214 nostrique
1183 2160 1301 2199 non
1342 2139 1585 2200 minima
1624 2160 1692 2199 ex
1736 2152 1894 2218 parte
1939 2138 2160 2198 vicarii.
2255 2138 2330 2195 In
2372 2135 2624 2196 ecclesiis
2657 2154 2792 2194 vero
2834 2134 3159 2211 collegiatis
3201 2136 3395 2194 locum
3432 2150 3560 2213 post

841 2234 1119 2299 hasnum,
1147 2244 1203 2291 et
1228 2234 1374 2292 alias
1402 2233 1715 2311 dignitates
1741 2233 2122 2310 occupabunt,
2148 2241 2281 2289 ante
2308 2225 2727 2295 titt-betarum,
2754 2229 2847 2286 vel
2874 2227 3155 2286 seniorem
3182 2228 3541 2287 canonicum.

921 2344 986 2384 11.
1029 2323 1254 2384 Deinde
1281 2346 1352 2384 ne
1377 2338 1480 2385 aut
1505 2322 1681 2405 gratis
1709 2326 1976 2393 militent,
2004 2336 2107 2382 aut
2132 2324 2504 2382 immoderato
2529 2320 2779 2381 ecclesiae
2810 2329 3124 2397 graventur
3162 2320 3560 2380 visitationum

841 2414 1157 2491 stipendio:
1203 2418 1525 2485 statuimus,
1559 2430 1629 2475 ut
1664 2414 2098 2493 attbipmbnttt
2137 2414 2385 2491 quilibet
2422 2408 2726 2490 quotannis
2762 2432 2958 2471 omnes
2987 2432 3120 2470 suas
3150 2410 3561 2489 perdiligenter

843 2505 1035 2566 visitet
1061 2508 1338 2576 ecclesias,
1368 2510 1732 2578 xenodochia,
1759 2510 2025 2588 capellas,
2052 2506 2445 2575 fraternitates,
2471 2518 2528 2565 et
2553 2502 2738 2564 sacras
2762 2504 3049 2573 oediculaa
3077 2504 3141 2563 in
3168 2504 3434 2581 compitis
3465 2507 3559 2584 pie

842 2603 1160 2663 collocatas.
1242 2603 1608 2681 Stipendium
1633 2614 1826 2661 autem
1853 2600 2201 2660 visitationis
2228 2599 2515 2658 canonicae
2549 2600 2614 2657 in
2654 2598 2886 2674 oppidis
2916 2598 3026 2658 erit
3058 2597 3236 2656 unius
3261 2599 3556 2677 Philippei

841 2694 1019 2761 aurei,
1051 2698 1143 2752 28.
1179 2695 1376 2753 stufer.
1412 2694 1475 2752 in
1508 2695 1672 2771 pagis
1701 2697 1788 2750 18.
1817 2693 2025 2760 stufer„
2055 2693 2216 2751 salvo
2251 2703 2440 2749 tamen
2469 2691 2544 2762 (si
2582 2691 2848 2750 offeratur
2873 2691 2947 2749 ab
2974 2691 3266 2767 aedilibus)
3294 2696 3555 2772 prandio,

842 2784 1017 2859 idque
1042 2787 1150 2845 sub
1175 2784 1532 2850 &cantatibus
1558 2787 1959 2862 Neomagens„
1976 2785 2278 2852 Graviens,
2305 2795 2361 2843 et
2389 2784 2854 2861 Batemburgens.
2933 2785 3009 2843 In
3036 2787 3274 2863 reliquis
3298 2808 3434 2847 vero
3461 2791 3557 2846 25.

841 2886 897 2932 et
933 2877 1020 2933 15.
1047 2879 1232 2936 solent
1255 2890 1448 2937 autem
1474 2879 1593 2936 haec
1618 2877 1904 2954 stipendia
1929 2876 2172 2952 antiquo
2198 2897 2353 2935 more
2380 2877 2569 2936 aediles
2595 2878 2943 2956 persolvere=
2988 2897 3026 2935 a
3062 2878 3277 2954 quibus
3310 2890 3367 2937 et
3402 2899 3557 2937 nunc

842 2968 952 3025 erit
977 2969 1341 3045 exigendum.

924 3080 1013 3119 ιιι.
1054 3063 1300 3128 Quando
1337 3062 1572 3139 publiea
1605 3080 1676 3119 ex
1708 3064 1882 3119 causa
1918 3059 2299 3120 ecclesiastica
2330 3080 2463 3119 suos
2500 3061 2739 3120 mittunt
2780 3079 2882 3137 per
2914 3062 3279 3140 regiunculas
3314 3062 3557 3120 nuncios

842 3150 1333 3230 attbipttsbntrth
1369 3154 1722 3221 mandamus,
1740 3164 1806 3210 ut
1826 3163 2118 3230 pastorum
2145 3152 2366 3229 singuli
2385 3153 2466 3211 eis
2486 3153 2735 3230 pendant
2753 3174 2791 3212 a
2805 3154 3077 3213 Paschate
3096 3175 3277 3231 usque
3297 3154 3557 3215 omnium

843 3246 941 3302 SS.
968 3246 1246 3305 stuferum
1273 3267 1475 3314 unum,
1505 3247 1724 3322 reliquo
1749 3265 1884 3305 vero
1911 3256 2162 3322 tempore
2189 3247 2378 3322 sesqui
2407 3246 2701 3305 stuferum.

924 3357 1000 3396 ιν.
1045 3339 1241 3404 Quum
1271 3340 1412 3399 locis
1441 3340 1664 3415 aliquot
1695 3338 1867 3396 sacris
1903 3338 2112 3397 foedam
2147 3339 2316 3397 istam
2343 3338 2810 3399 incontinentiam
2835 3358 3076 3416 regnare
3103 3338 3556 3416 cognoverimus,

841 3428 945 3487 ubi
987 3429 1180 3488 omnia
1220 3451 1337 3490 esse
1379 3430 1673 3507 oportebat
1715 3429 2084 3497 sanctissima,
2122 3431 2435 3498 sacerrima,
2469 3443 2526 3490 et
2556 3432 2619 3489 in
2656 3431 2856 3508 primis
2892 3429 3171 3489 coelaetiaz
3220 3432 3559 3489 mandamus

842 3516 1335 3596 attbipttssbmttis
1363 3522 1587 3588 nostris,
1615 3532 1681 3578 ut
1707 3522 1866 3580 omni
1890 3522 2082 3580 studio
2108 3522 2423 3600 advigilent
2447 3523 2508 3581 in
2535 3543 2821 3582 sacrarum
2847 3523 3163 3600 Virginum
3189 3522 3402 3581 Christi
3427 3544 3558 3581 con-

841 3611 1115 3679 fessarios,
1142 3613 1262 3671 sive
1288 3615 1614 3691 spirituales
1647 3624 1866 3691 patres:
1906 3635 1982 3672 an
2010 3615 2489 3690 frequentioribus
2517 3615 2694 3673 dediti
2729 3615 3258 3692 compotationibus,
3289 3615 3558 3692 vesperti-

840 3702 1043 3777 nisque
1069 3705 1368 3772 conviviis,
1394 3716 1496 3763 aut
1522 3703 1921 3764 ebrietatibus=
1968 3727 2044 3764 an
2079 3708 2206 3765 ulla
2233 3707 2401 3766 istius
2426 3707 2573 3765 labis
2599 3709 2859 3767 laborent
2884 3706 3220 3786 suspicione,
3248 3727 3320 3765 ne
3348 3708 3559 3766 charis·

839 3793 1051 3851 simum
1076 3795 1301 3855 Christo
1340 3796 1574 3854 domino
1614 3815 1819 3872 sponso
1858 3799 2149 3874 peculium
2184 3801 2312 3858 ulla
2344 3799 2594 3877 amplius
2619 3811 2952 3877 aspergatur
2986 3799 3283 3859 foedissimi
3309 3800 3561 3859 scandali

839 3891 990 3944 nota.
1071 3887 1240 3952 Quod
1268 3886 1317 3944 si
1337 3887 1522 3961 justas
1547 3887 1714 3946 istius
1739 3889 1878 3947 mali
1904 3890 2118 3949 alicubi
2146 3892 2472 3966 mussantis,
2499 3903 2602 3949 aut
2627 3887 2829 3951 merito
2854 3891 3143 3950 metuendi
3169 3913 3367 3951 causas
3395 3893 3561 3952 colli·

840 3996 973 4052 gere
1012 3988 1244 4053 queant,
1272 3999 1365 4036 eas
1402 3979 1474 4037 ad
1516 3999 1619 4038 nos
1653 3980 2080 4057 quamprimum
2105 3983 2460 4061 perferendas
2486 3995 2787 4061 procurent
2813 3985 2924 4043 sub
2951 3984 3131 4044 divini
3150 3983 3357 4059 judicii
3388 3985 3560 4044 inter-

840 4067 1168 4136 minatione,
1196 4074 1498 4147 nostrfique
1523 4075 1716 4130 severa
1739 4073 2241 4133 animadversione.

991 4267 1020 4293 ⁴*
1053 4260 1179 4311 This
1200 4259 1440 4313 obstetfic
1462 4263 1494 4312 J
1499 4267 1732 4313 urament
1751 4277 1850 4314 was
1871 4265 2066 4330 usually
2090 4264 2453 4315 administered
2476 4265 2543 4330 by
2567 4266 2654 4316 the
2675 4268 2809 4318 ‘bean
2832 4263 2967 4319 rutal
2992 4266 3050 4315 of
3064 4265 3152 4316 the
3175 4264 3393 4317 district.
