3882 5037
326 464 603 538 Sacr.111.]
1139 460 1781 538 autunum—metm
1809 462 1868 523 of
1892 460 2127 524 Mssa.
2852 467 3006 538 289

328 722 337 730 ,
389 682 472 722 ιιι.
508 663 649 721 Acta
669 657 1041 735 tapitulotum
1061 663 1426 739 singulorum
1451 662 1760 741 praesertim
1782 661 2013 735 majoris
2033 662 2306 720 momenti
2333 661 2394 720 in
2421 663 2637 722 librum
2659 665 3000 740 peculiarem

327 755 613 821 reserantur,
646 773 779 811 cum
818 754 1068 828 querelis
1108 767 1165 813 et
1205 756 1634 814 difficultatibus
1676 752 2001 831 propositis,
2043 764 2111 809 ut
2150 752 2364 811 vicario
2403 765 2601 813 nostro
2640 756 2821 825 facile,
2860 758 3002 833 quid

324 858 480 904 actum
506 846 690 912 fuerit,
716 855 954 903 constet.

386 958 494 997 1111.
535 939 747 996 Praeter
786 934 1000 996 rutulis
1044 932 1288 1013 tapttula
1329 949 1386 995 et
1427 937 1810 1014 particularia,
1852 936 2120 1012 generale
2161 936 2335 994 semel
2373 957 2602 1013 quoque
2641 938 2705 996 in
2745 957 2897 996 anno
2938 939 3000 996 in

321 1031 437 1088 urbe
484 1034 669 1087 nostra
722 1028 1067 1096 Brixinensi‚
1110 1030 1201 1087 vel
1255 1028 1358 1086 ubi
1405 1029 1569 1087 nobis
1615 1024 1966 1088 commodius
2013 1027 2320 1094 videbitur,
2367 1041 2639 1105 cogatur;
2698 1051 2919 1107 semper
2964 1052 3001 1089 a

319 1121 568 1180 dominica
620 1131 750 1197 post
796 1132 1052 1178 octavam
1093 1121 1362 1197 Corporis
1405 1119 1619 1196 Christi
1660 1119 1802 1178 seria
1843 1121 2040 1179 tertia:
2095 1120 2167 1177 ad
2206 1120 2361 1196 quod
2402 1121 2510 1179 soli
2551 1119 2904 1191 attblbetani,
2945 1135 3001 1180 et

316 1212 475 1273 Βεαιιί
512 1235 640 1272 cum
681 1212 931 1288 singulis
987 1211 1155 1272 sociis
1196 1213 1271 1283 (si
1310 1232 1456 1288 quos
1496 1213 1578 1271 eis
1618 1208 1862 1288 capitula
1917 1213 2229 1288 adjungere
2282 1211 2593 1288 voluerint)
2648 1216 2999 1274 convenient.

317 1307 568 1366 Omnibus
610 1304 935 1382 praesidebit
975 1304 1245 1363 vicarius·
1248 1307 1546 1382 generalis.
1628 1305 1689 1363 Si
1731 1316 1925 1364 tamen
1965 1325 2131 1364 casus
2171 1303 2462 1372 incideret,
2501 1306 2602 1382 qui
2644 1307 2997 1383 praesentiam

317 1409 461 1454 tanta:
496 1396 947 1473 congregationis
986 1408 1329 1472 exposceret,
1370 1418 1487 1456 non
1526 1392 1677 1474 aegre
1717 1397 1916 1463 ferent,
1959 1397 2009 1455 si
2048 1417 2084 1454 a
2122 1394 2339 1455 vicario
2377 1405 2569 1454 nostro
2610 1399 2818 1475 saepius
2866 1420 2997 1458 con-

313 1489 468 1546 vocati
493 1489 718 1547 fuerint.

380 1583 597 1639 x1v.1n
635 1581 726 1638 his
766 1579 1302 1659 congregationibus
1342 1581 1704 1658 generalibus
1744 1580 1964 1656 singuli
2005 1579 2251 1638 reserent
2289 1591 2498 1639 statum
2555 1601 2672 1639 suae
2729 1581 2996 1657 regionis,

314 1672 658 1741 necessitates,
675 1673 1055 1737 difficultates,
1077 1671 1223 1730 lites.
1305 1670 1532 1732 Deinde
1550 1672 1808 1749 plurium
1826 1671 2115 1747 suffragiis
2133 1672 2287 1746 (quoe
2308 1672 2559 1730 decisiva
2577 1692 2698 1730 esse
2714 1674 2998 1740 volumus,

313 1783 412 1820 non
446 1760 622 1823 soliun
662 1765 1003 1838 consultiva)
1030 1783 1161 1840 quae
1199 1765 1271 1823 ad
1310 1767 1525 1824 bonum
1566 1763 1829 1823 dioecesis
1862 1773 2076 1821 stanun
2104 1763 2408 1839 pertinent,
2437 1764 2817 1823 definiantur:
2856 1786 2997 1841 quo-

317 1875 425 1913 rum
472 1856 910 1925 definitionibus,
958 1856 1128 1918 modo
1172 1856 1245 1916 ab
1294 1857 1584 1916 ordinario
1636 1857 1967 1934 approbatae
2018 1855 2251 1924 fuerint,
2296 1857 2504 1932 reliqui
2558 1876 2751 1915 omnes
2804 1877 2999 1935 parere

315 1947 640 2006 tenebuntur.

1272 2042 1368 2099 Da
1392 2036 1642 2105 Batauis
1669 2035 2009 2101 muralibus

377 2150 412 2189 ι.
446 2130 565 2189 Hos
592 2131 746 2190 viros
787 2131 1111 2207 prudentes,
1154 2153 1377 2210 magnae
1414 2132 1703 2198 doctrinae,
1732 2140 1790 2188 et
1815 2130 1951 2189 vitae
1991 2129 2256 2206 probatae,
2298 2149 2364 2187 ac
2405 2131 2601 2188 multae
2640 2129 3000 2207 experientia:

310 2241 411 2279 esse
435 2235 685 2300 oportet:
727 2235 863 2282 sunt
901 2224 1054 2283 enim
1094 2237 1349 2302 pastores
1388 2235 1685 2301 pastorum
1724 2221 2150 2298 quodammodo
2189 2232 2246 2280 et
2280 2221 2426 2298 ipsi:
2464 2234 2521 2279 et
2547 2221 2692 2280 alios
2718 2223 2998 2297 exemp10,

307 2315 536 2383 consilio,
564 2317 755 2382 verbo,
782 2335 888 2392 ope
909 2316 1112 2390 juvare
1140 2318 1362 2376 debent.

373 2427 429 2465 ιι.
467 2409 550 2466 Ut
588 2407 693 2465 alii
734 2418 987 2483 pastores
1028 2408 1091 2466 in
1119 2409 1237 2467 suis
1263 2409 1529 2476 ecclesiis,
1558 2407 1641 2466 ita
1665 2402 1852 2469 beten(
1878 2406 1944 2465 in
1970 2406 2075 2464 sua
2103 2404 2353 2481 regione,
2382 2403 2455 2461 ad
2483 2402 2835 2480 personalem
2862 2401 3000 2459 resi-

304 2495 524 2558 dentiam
551 2501 980 2577 compellantur.

375 2610 449 2647 ιιι.
487 2592 747 2649 chrisma
800 2612 1037 2658 sacrum,
1086 2592 1311 2668 aliaque
1370 2593 1498 2650 olea
1549 2612 1721 2658 sacra,
1776 2589 1989 2666 quibus
2042 2589 2229 2647 utitur
2281 2588 2532 2655 ecclesia,
2573 2586 2878 2662 quotannis
2931 2604 3000 2643 ex

306 2682 519 2740 enclesis
558 2685 870 2743 cathedrali
912 2685 1224 2760 accipiant:
1265 2705 1333 2744 ex
1373 2704 1441 2742 eo
1480 2685 1666 2743 tradat
1705 2680 1970 2758 deinceps
2008 2683 2250 2758 quisque
2291 2681 2410 2740 suis
2450 2679 2682 2746 curatis,
2720 2688 3000 2753 quantum

306 2773 426 2830 ntis
449 2773 586 2832 erit:
630 2792 737 2850 pro
765 2774 1066 2835 traditione
1106 2776 1254 2834 nihil
1292 2771 1527 2835 omnino
1565 2774 1865 2851 accipiant,
1892 2784 2097 2850 praeter
2136 2784 2397 2850 sumptus
2437 2772 2559 2847 ejus
2600 2774 2774 2829 causa
2811 2789 3001 2827 neces-

304 2860 436 2922 sario
460 2866 650 2924 factos.

372 2975 440 3015 tv.
477 2954 667 3016 Semel
707 2957 781 3015 ad
823 2958 1127 3016 minimum
1165 2957 1471 3035 quotannis
1509 2978 1707 3016 omnes
1746 2957 2007 3016 ecclesias
2047 2976 2166 3015 suae
2197 2956 2446 3033 regionis
2474 2956 2697 3022 obeant,
2723 2973 2842 3011 una
2867 2972 3000 3011 cum

302 3050 633 3107 camerariis:
672 3069 792 3108 non
831 3068 1029 3108 omnes
1068 3050 1301 3125 quidem
1340 3050 1532 3116 simul,
1560 3050 1659 3108 sed
1686 3049 1856 3108 modo
1883 3051 2047 3115 hanc,
2079 3050 2246 3109 modo
2270 3050 2448 3113 illam.
2476 3057 2647 3125 prout
2684 3045 2902 3104 occasio
2942 3065 3002 3103 se

303 3139 569 3198 obtulerit.
650 3141 881 3199 Victum
919 3141 1199 3217 frugalem
1239 3142 1573 3217 praebebunt
1611 3140 1855 3218 parochi.
1938 3142 2099 3199 Idem
2128 3142 2240 3208 fiat,
2271 3162 2402 3199 cum
2430 3140 2587 3208 alias,
2614 3138 2784 3196 officii
2812 3149 3001 3195 tamen

302 3230 383 3287 sui
416 3236 601 3299 cansa,
629 3251 733 3308 per
774 3233 1033 3309 regiones
1074 3253 1204 3292 suas
1245 3244 1561 3291 excurrent.
1638 3234 1796 3290 Tum
1835 3231 1988 3289 enim
2030 3242 2231 3307 praeter
2270 3233 2486 3291 victum
2529 3249 2564 3287 a
2605 3228 2865 3307 parochis
2903 3229 2997 3285 vel

303 3323 547 3391 eeclesiis,
577 3344 651 3382 ne
680 3336 879 3403 sponte
905 3325 1137 3400 quidem
1161 3325 1437 3394 oblatum,
1463 3323 1771 3400 quicquam
1799 3323 2056 3398 accipere
2084 3322 2292 3380 licebit.

372 3431 420 3470 v.
460 3415 763 3485 Ecclesias,
811 3417 1110 3484 sacristias,
1156 3436 1309 3483 vasa,
1358 3426 1558 3483 vestes,
1604 3424 1954 3481 ornamenta,
2002 3412 2340 3480 coemeteria,
2386 3411 2723 3487 sepulturas,
2769 3407 2998 3484 praedia,

301 3512 567 3581 totamque
608 3508 887 3566 familiam
927 3508 1180 3585 parochi,
1210 3519 1266 3566 et
1306 3508 1549 3567 aliorum
1589 3508 1941 3572 clericorum,
1969 3525 2104 3563 cum
2142 3504 2300 3563 omni
2337 3501 2635 3578 diligentia
2662 3497 2998 3574 inspiciant;

300 3595 425 3669 quid
461 3599 521 3655 in
559 3597 642 3655 eis
683 3599 829 3657 desit
867 3600 961 3657 vel
1001 3599 1367 3666 desideretur,
1394 3594 1653 3657 accurate
1691 3597 2056 3656 considerent.
2141 3593 2464 3673 Dispiciant
2503 3592 2673 3650 etiam
2708 3586 2894 3649 uttan(
2933 3591 2995 3648 in

301 3685 601 3747 visitatione
628 3693 751 3756 sua,
779 3708 855 3746 an
889 3690 1075 3748 clerus
1098 3691 1347 3749 officium
1375 3710 1546 3748 suum
1575 3689 1775 3758 faciat3
1818 3710 1892 3747 an
1920 3708 2055 3747 vera
2079 3687 2210 3754 sint,
2239 3705 2365 3762 quae
2391 3685 2634 3760 quisque
2668 3682 2731 3740 in
2758 3678 2994 3757 tupitulo

300 3777 363 3834 de
384 3780 770 3842 observatione
797 3783 1146 3841 decretorum
1187 3794 1527 3849 nostrorum,
1554 3793 1610 3841 et
1636 3782 1784 3849 aliis,
1812 3782 1881 3840 de
1906 3802 1967 3840 se
1993 3781 2117 3858 ipso
2146 3779 2426 3857 deposuit,
2454 3774 2634 3835 oculis
2660 3774 2996 3851 inspiciant:

300 3868 353 3926 in
377 3872 616 3948 singulis
652 3873 953 3952 parochiis,
982 3894 1019 3931 a
1044 3875 1184 3933 viris
1221 3886 1406 3943 aetate,
1433 3894 1562 3941 usu,
1593 3885 1651 3932 et
1681 3873 1962 3950 probitate
1996 3871 2400 3931 commendatis
2427 3869 2497 3926 de
2524 3867 2790 3925 omnibus
2816 3865 2995 3923 subti-

300 3958 419 4020 liter
442 3965 752 4040 inquirant,
776 3985 907 4041 quae
943 3986 1039 4023 eos
1070 3986 1173 4044 pro
1209 3967 1376 4026 officii
1405 3966 1498 4023 sui
1527 3983 1762 4022 munere
1790 3964 1933 4022 scire
1960 3963 2274 4040 oportebit:
2315 3961 2561 4026 videant,
2589 3980 2664 4018 an
2691 3959 2753 4016 in
2782 3958 2994 4034 populo

299 4049 398 4107 sint
435 4053 698 4124 haeretici,
736 4057 1142 4125 concubinarii,
1178 4059 1278 4116 alii
1317 4057 1606 4134 flagitiosi,
1635 4056 1736 4131 qui
1776 4055 2287 4131 quadragesimam,
2316 4052 2542 4126 aliaque
2562 4049 2796 4124 jejunia,
2825 4048 2995 4106 festos

299 4138 403 4198 dies
428 4164 539 4203 non
576 4159 818 4215 servent,
849 4158 907 4206 et
931 4148 1021 4206 his
1048 4149 1272 4207 similia.
1352 4151 1496 4215 Quae
1522 4148 1635 4223 ipsi
1662 4158 1951 4225 poterunt,
1981 4146 2172 4204 statim
2201 4144 2521 4220 corrigant:
2565 4152 2767 4199 caetera
2792 4139 2864 4196 ad
2889 4157 2995 4195 nos

300 4233 535 4294 referant.

366 4343 439 4383 vr.
480 4328 755 4386 Mandata
792 4342 1006 4398 nostra,
1046 4340 1104 4387 et
1146 4330 1339 4389 vicarii
1378 4330 1558 4387 nostri
1600 4329 1881 4407 generalis
1921 4348 2053 4386 cum
2094 4326 2284 4385 debita
2325 4322 2640 4383 reverentia
2679 4318 2994 4394 excipiant:

352 4415 443 4452 vot.
463 4418 517 4454 ιι.
784 4443 788 4446 ⁴
1623 4422 1653 4453 υ
