3882 5037
811 475 965 546 284
1585 472 2358 551 zppaenutx.—oe0nttumta1
2387 474 2756 539 ”ammenta
3265 479 3454 552 [Pan-r
3480 482 3533 538 Ι.

707 739 716 746 ,
813 683 870 730 et
910 672 1227 730 sobrietatis
1265 671 1495 748 legibus
1535 672 1774 732 adversa
1801 674 2162 753 compotatio,
2191 695 2537 750 quocunque
2578 676 2809 735 nomine
2839 688 2940 734 aut
2966 677 3134 737 modo
3162 676 3440 745 instituta,
3469 689 3531 736 et

813 765 894 823 ita
914 785 1075 823 suam
1104 764 1348 840 quisque
1375 763 1608 822 domum
1637 763 1856 824 mature
1883 779 1941 826 et
1968 766 2191 825 sobrius
2220 778 2452 845 repetat.

894 878 1071 916 xxxu.
1112 853 1291 916 Porro
1318 853 1559 932 capitula
1589 854 1802 917 rutulis
1844 870 2172 934 potestatem
2214 861 2528 936 quidquam
2569 861 2875 920 definiendi
2902 872 3002 918 aut
3028 861 3367 920 decernendi
3410 884 3532 922 non

812 948 1038 1016 babent,
1069 950 1160 1007 sed
1193 959 1411 1005 tantum
1440 949 1787 1023 inquirendi,
1820 951 2116 1018 referendi,
2143 953 2482 1026 exequendi,
2508 973 2638 1028 quoe
2667 954 2783 1011 illis
2824 953 2886 1011 in
2925 952 3015 1010 his
3055 953 3262 1013 nostris
3288 955 3528 1031 synoda-

812 1041 965 1099 libus
993 1042 1216 1100 actibus
1242 1042 1543 1099 commissa
1563 1053 1715 1110 sunt,
1742 1056 1843 1102 aut
1870 1044 2135 1122 deinceps
2162 1042 2450 1123 speciatim
2493 1041 2530 1103 a
2570 1046 2751 1114 nobis,
2781 1047 2872 1106 vel
2903 1045 3113 1105 vicario
3141 1057 3335 1105 nostro
3375 1067 3529 1106 com-

816 1134 1252 1192 mendabuntur.

894 1246 1093 1285 xxxm.
1135 1227 1273 1285 Post
1300 1225 1579 1301 cujusque
1610 1221 1840 1302 capituli
1881 1229 2051 1286 finem
2094 1228 2292 1287 referet
2329 1231 2572 1292 betanus
2602 1227 2815 1287 vicario
2843 1237 3032 1287 nostro
3059 1248 3266 1294 coram,
3296 1227 3345 1285 si
3372 1247 3529 1286 com-

812 1316 977 1377 mode
1024 1320 1213 1396 possit,
1241 1319 1335 1378 vel
1381 1339 1480 1396 per
1518 1319 1728 1387 literas,
1754 1319 1895 1395 quid
1938 1331 2133 1378 actum
2178 1321 2269 1388 sit,
2296 1321 2632 1400 explicando
2674 1317 2980 1399 speciatim,
3013 1339 3157 1377 num
3198 1339 3392 1378 omnes
3431 1320 3534 1377 ad-

809 1409 1041 1476 fuerint,
1068 1411 1171 1486 qui
1199 1411 1497 1478 debebant,
1527 1432 1601 1468 an
1630 1412 1777 1469 lecta
1806 1411 1976 1470 fuerit
2004 1429 2132 1487 pars
2160 1413 2356 1488 aliqua
2396 1434 2466 1471 ex
2506 1415 2596 1471 his
2637 1413 2843 1471 nostris
2870 1411 3106 1471 decretis
3145 1411 3535 1487 synodalibus,

810 1501 1108 1576 inquisitio
1152 1503 1299 1561 facta
1346 1504 1416 1562 de
1460 1503 1714 1561 articulis
1755 1522 1930 1580 supra
1952 1504 2189 1561 Canone
2221 1508 2272 1561 7.
2314 1505 2690 1582 praescriptis:
2748 1514 2804 1563 et
2843 1524 2982 1562 num
3023 1501 3233 1577 aliquis
3260 1503 3536 1562 notabilis

810 1594 1056 1654 defectus
1080 1596 1478 1673 deprehensus,
1500 1595 1601 1670 qui
1623 1595 1835 1673 corrigi
1855 1616 1973 1655 non
1999 1596 2262 1673 potuerit,
2283 1597 2382 1655 sed
2409 1599 2505 1657 vel
2531 1617 2634 1675 per
2659 1615 2780 1664 nos,
2804 1597 2898 1655 vel
2926 1594 3224 1674 praefatum
3251 1596 3534 1655 vicarium

810 1696 1064 1744 nostrum
1091 1688 1303 1764 corrigi
1332 1688 1549 1745 debeat.

891 1797 1085 1836 xxxxv.
1144 1778 1418 1854 Sigillum
1469 1777 1763 1856 proprium
1811 1778 2043 1855 sing-ula
2097 1776 2338 1857 tapitula
2391 1781 2653 1848 habeant,
2692 1790 2749 1838 et
2803 1779 3181 1847 matriculam,
3240 1779 3299 1836 in
3354 1800 3534 1856 quam

808 1870 1063 1928 omnium
1109 1870 1182 1928 ad
1227 1866 1533 1946 capitulum
1577 1870 1651 1928 de
1691 1872 1824 1945 jure
1875 1872 1968 1930 vel
2016 1874 2427 1932 consuetudine
2470 1871 2880 1950 pertinentium
2922 1870 3156 1930 nomina
3202 1870 3534 1939 referantur,

810 1961 995 2020 officia
1040 1962 1193 2030 item,
1230 1962 1430 2040 patria,
1474 1962 1749 2031 dioeoesis,
1782 1984 1931 2023 mors
1976 1975 2033 2022 et
2076 1976 2299 2041 tempus
2348 1965 2634 2041 ingressos
2674 1966 2735 2024 in
2778 1961 3103 2040 tupitulum,
3135 1963 3234 2050 ‚vel
3277 1962 3340 2020 in
3383 1964 3532 2021 hanc

806 2054 1093 2123 dioecesin‚
1122 2067 1179 2114 et
1206 2064 1335 2132 post
1362 2067 1618 2123 mortem,
1636 2055 1684 2113 si
1714 2055 1855 2130 quid
1883 2056 2256 2114 memorabile
2283 2056 2357 2115 ab
2385 2077 2454 2115 eo
2481 2068 2709 2134 gestum
2737 2056 2813 2115 ad
2842 2058 3167 2134 exemplum
3194 2066 3253 2113 et
3276 2056 3529 2114 aedifica-

806 2147 1034 2206 tionem.
1115 2147 1308 2223 Atque
1336 2167 1404 2205 ex
1435 2149 1541 2206 bfle
1569 2148 1871 2207 matricula
1898 2150 2365 2207 commendentur
2392 2160 2638 2228 tempore
2668 2145 3125 2224 tongtaegattonts

886 2260 1053 2297 xxxv.
1085 2241 1388 2300 Habeatur
1406 2238 1680 2317 praeterea
1702 2241 1845 2299 liber
1866 2241 1928 2299 in
1952 2242 2201 2317 singulis
2225 2238 2505 2318 tapttults,
2523 2243 2584 2300 in
2610 2263 2782 2320 quem
2809 2237 2848 2300 a
2874 2240 3184 2300 camerario
3211 2239 3531 2298 referantur

803 2344 930 2391 acta
958 2333 1316 2408 singularum
1344 2332 1846 2410 tongtaegattonum,
1865 2334 2173 2412 praesertim
2202 2336 2429 2409 majoris
2456 2335 2747 2403 momenti,
2766 2346 2823 2394 et
2850 2334 3206 2393 difficultates
3221 2333 3530 2409 propositae

805 2436 888 2491 ut,
914 2445 1046 2483 cum
1087 2445 1316 2484 necesse
1358 2427 1483 2494 erit,
1515 2427 1726 2485 vicario
1766 2437 1979 2493 nostr0,
2005 2438 2062 2484 et
2102 2445 2246 2501 quos
2285 2426 2528 2485 subinde
2557 2427 2867 2495 mittemus,
2895 2424 3285 2485 visitatoribus
3312 2425 3529 2484 certius

803 2530 1061 2577 constare
1088 2518 1283 2596 possit,
1309 2520 1453 2597 quid
1479 2541 1709 2598 quoque
1738 2532 1990 2599 tempore
2016 2534 2208 2579 actum
2236 2521 2326 2579 sit.

2391 2614 2507 2672 CC.
2530 2615 2874 2682 Germania»,
2903 2614 3066 2674 Tom.
3088 2633 3166 2672 rx.
3196 2632 3250 2690 p.
3267 2614 3527 2671 63—67.

1667 2865 1881 2923 SECT.
1913 2862 2325 2929 11.—3motm
2354 2865 2414 2926 ot
2437 2863 2645 2931 insule.

1015 2974 1282 3032 Svnonu.
1307 2975 1598 3033 Sur-uras
1625 2995 1694 3033 οι·
1722 2995 1838 3034 ‘rus
1868 2979 2123 3034 Dmcsss
2152 2997 2221 3035 οι*
2250 2980 2454 3047 ΒΑειε,
2485 2998 2829 3039 nnsrnc'rmo
2857 2998 2970 3037 ‘ms
3001 2977 3223 3036 Durus
3249 2996 3319 3034 or

1099 3062 1301 3129 ”tans
1328 3065 1540 3134 mutal,
1570 3089 1641 3126 nv
1671 3071 1890 3127 B1snor
1917 3071 2335 3130 camsi-ornan
2366 3092 2438 3130 Aa
2466 3073 2839 3138 orrannum,
2866 3072 3204 3130 A.D.nm111.

880 3180 916 3217 1.
960 3162 1447 3233 STATUIMUS,
1467 3177 1533 3222 ut
1559 3167 1797 3230 betanus
1824 3164 2035 3231 ruralis
2063 3169 2243 3235 nobis,
2260 3171 2354 3227 vel
2382 3170 2592 3229 vicario
2618 3182 2831 3236 nostro,
2852 3168 3084 3227 nomina
3113 3166 3519 3226 beneficiorum

797 3273 926 3328 quae
954 3254 1105 3313 infra
1131 3277 1300 3315 suum
1325 3261 1665 3327 betanutum,
1695 3260 1848 3317 ultra
1875 3254 2106 3336 tempus'
2116 3262 2264 3334 juris
2292 3262 2634 3328 vacaverint,
2663 3261 2928 3319 intimare
2954 3270 3234 3337 procuret,
3260 3259 3434 3316 simul
3465 3271 3522 3318 et

796 3366 928 3404 cum
955 3349 1285 3407 nominibus
1312 3352 1649 3409 collatorum
1680 3352 2008 3426 hujusmodi
2036 3352 2474 3412 beneficiorum:
2519 3352 2784 3411 similiter
2823 3352 2997 3410 etiam
3038 3350 3272 3408 nomina
3299 3370 3518 3416 eorum,

795 3440 899 3513 qui
945 3440 1146 3518 vigore
1190 3442 1484 3500 literarum
1526 3442 1992 3517 apostolicarum,
2034 3443 2126 3501 vel
2170 3445 2506 3521 legatorum,
2552 3446 2645 3502 vel
2688 3462 2922 3520 precum
2971 3441 3373 3519 imperialium,
3417 3453 3519 3499 aut

797 3532 1100 3606 regalium,
1143 3533 1290 3591 infra
1333 3554 1502 3592 suum
1543 3535 1865 3593 &tanatum
1911 3535 2185 3593 beneficia
2232 3535 2609 3593 ecclesiastica
2655 3546 3052 3610 assequuntur,
3095 3532 3519 3607 eorundemque

797 3622 1205 3682 beneficiorum
1246 3626 1511 3683 nomina:
1555 3627 1646 3684 vel
1684 3626 1756 3682 ad
1798 3626 1856 3683 id
1893 3625 2235 3694 faciendum,
2260 3627 2371 3703 ipsi
2402 3630 2601 3686 bnans
2630 3626 2839 3684 mensis
2866 3626 3115 3703 spatium
3143 3626 3515 3703 praefigimua

795 3713 942 3772 infra
968 3714 1121 3789 quod
1151 3716 1592 3773 insinuationem
1620 3716 1950 3787 hujusmodi
1978 3717 2160 3784 nobis,
2191 3719 2283 3776 vel
2312 3718 2526 3777 vicario
2552 3728 2745 3776 nostro
2772 3716 2955 3774 faciat.

875 3822 933 3861 ιι.
978 3803 1246 3868 metatum
1289 3808 1516 3864 nullum
1555 3807 1952 3884 presbyterum
1994 3808 2143 3865 infra
2183 3829 2353 3866 suum
2395 3811 2721 3869 Manatum
2761 3807 3143 3884 quodcunque
3169 3807 3514 3866 beneficium

792 3898 1229 3955 ecclesiasticum
1260 3897 1564 3956 inofficiare
1593 3897 1898 3973 permittat,
1926 3897 2037 3956 nisi
2066 3899 2175 3958 sibi
2204 3901 2456 3967 titulum,
2488 3900 2898 3967 investituram,
2928 3920 3029 3958 seu
3057 3899 3512 3957 commissionem

792 4008 952 4046 suam
1000 3989 1148 4047 infra
1196 3988 1442 4064 spatium
1486 3989 1658 4046 unius
1701 3990 1925 4057 mensis,
1970 4011 2005 4047 a
2049 3991 2436 4068 publicatione
2480 3991 2844 4069 praesentium
2886 3992 3193 4067 sequentis,
3238 3992 3510 4049 ostendat.

790 4080 961 4146 Quod
987 4080 1036 4137 si
1063 4079 1351 4154 quispiam
1382 4099 1497 4137 non
1525 4091 1748 4138 ostenso
1777 4082 1967 4149 titulo,
1998 4081 2351 4147 investitura,
2381 4103 2482 4141 seu
2509 4083 2902 4141 commissione
2944 4102 3003 4140 se
3047 4083 3119 4141 de
3148 4083 3511 4142 inofficiando

789 4171 1196 4239 intromiserit;
1234 4172 1476 4233 Bttanuss
1503 4191 1636 4229 eum
1666 4172 1988 4241 admoneat,
2020 4185 2088 4230 ut
2114 4174 2187 4231 ab
2215 4173 2575 4233 inofficiando
2614 4174 2882 4232 desistat:
2939 4176 3096 4250 quod
3137 4176 3185 4233 si
3229 4195 3331 4234 nec
3374 4186 3510 4232 tunc

790 4262 1020 4336 quidem
1049 4263 1310 4321 desistere
1337 4262 1645 4331 curaverit,
1673 4262 1859 4341 ipsum
1901 4264 2242 4323 auctoritate
2281 4269 2470 4323 nostra
2513 4287 2549 4323 a
2589 4266 2799 4326 divinis
2839 4266 2901 4324 in
2942 4267 3166 4346 scriptis
3206 4267 3511 4343 suspendat

788 4354 897 4411 sub
927 4356 1030 4413 hac
1060 4354 1353 4412 forma:—
