3882 5037
342 498 471 554 Soer.
489 496 555 552 V.
584 495 662 567 2.]
1117 488 1758 564 &masan—Diome
1785 490 1844 549 of
1870 488 2213 555 {constatura
2878 489 3031 560 303

407 709 484 749 m.
523 690 719 747 Electo
747 687 948 763 aliquo
975 688 1038 746 in
1063 692 1345 755 bennum,
1374 700 1431 747 et
1467 690 1649 756 nobis,
1680 710 1783 749 seu
1812 690 2027 749 vicario
2067 700 2258 749 nostro
2298 708 2398 766 per
2437 687 2646 754 literas,
2690 685 2841 759 (ejus
2881 685 3037 743 enim

342 782 625 858 presentia,
651 791 783 838 ante
823 780 1032 837 iactam
1070 779 1517 855 inquisitionem,
1542 799 1660 837 non
1703 780 2039 855 requiritur)
2081 780 2155 837 ad
2194 779 2646 838 confirmandum
2685 785 3036 853 praesentato‚

337 871 587 947 siquidem
626 890 754 946 spes
791 869 882 938 sit,
910 870 1065 945 quod
1101 870 1345 928 vicarius
1380 879 1571 927 noster
1609 870 1671 928 in
1705 869 2144 946 pontificalibus,
2179 872 2270 929 vel
2303 870 2486 946 aliqui
2527 868 2627 926 alii
2669 868 2853 926 nostri
2900 867 3035 924 visi-

338 973 535 1028 tatores,
562 961 721 1019 brevi
751 960 1094 1019 visitationis
1134 965 1326 1027 eausa,
1355 961 1417 1018 in
1457 962 1605 1019 illud
1642 959 1944 1037 capitulum
1977 962 2205 1020 venturi
2234 963 2367 1030 sint,
2397 962 2566 1019 detur
2593 961 2771 1019 electo
2799 959 3037 1036 simplex

337 1052 646 1117 commissio,
676 1062 735 1109 et
761 1051 824 1110 in
850 1052 1049 1109 eadem
1089 1072 1194 1129 per
1222 1055 1614 1129 juramentum
1642 1053 1938 1111 fidelitatis
1966 1053 2134 1112 nobis
2161 1054 2491 1130 praestitum,
2521 1051 2576 1109 ei
2605 1051 2934 1108 mandetur:
2976 1060 3040 1106 ut

337 1144 444 1202 vice
467 1140 668 1209 uetanti,
697 1143 874 1202 donec
901 1145 996 1202 vel
1037 1144 1176 1221 ipse,
1201 1147 1296 1202 vel
1325 1145 1474 1203 alius
1499 1145 1760 1212 idoneus,
1789 1146 1987 1204 habita
2026 1145 2415 1220 inquisitione,
2443 1144 2811 1203 confirmatus
2850 1141 3038 1207 fuerit,

338 1234 554 1294 fideliter
580 1235 875 1309 fungatur.
959 1235 1197 1294 Interim
1224 1257 1360 1295 vero
1389 1236 1780 1296 visitatoribus
1815 1237 2045 1303 nostris,
2075 1237 2136 1294 in
2179 1236 2422 1293 eundem
2462 1236 2784 1294 betauatum
2827 1232 3040 1307 migra-

336 1327 477 1394 turis,
515 1327 624 1385 sub
672 1325 871 1403 sigillo
909 1327 1212 1386 vicariatus
1253 1331 1433 1386 nostri
1475 1328 1876 1395 committatur,
1906 1339 1972 1386 ut
1998 1328 2069 1386 de
2099 1327 2218 1385 vita
2245 1339 2301 1386 et
2329 1326 2768 1391 conversatione,
2789 1323 3041 1382 doctrina

338 1429 387 1477 et
414 1418 744 1483 eruditione,
781 1418 1020 1494 aliisque
1062 1419 1442 1495 qualitatibus
1485 1420 1667 1487 electi,
1713 1430 1825 1477 tres
1866 1422 1959 1479 vel
2006 1430 2253 1495 quatuor
2294 1419 2541 1477 seniores
2584 1418 2943 1494 capitulares,
2987 1426 3043 1473 et

335 1511 547 1568 totidem
574 1529 645 1567 ex
675 1509 973 1567 sacellanis
998 1509 1317 1568 senioribus
1352 1510 1606 1584 ejusdem
1636 1506 1885 1586 capituli,
1914 1511 2107 1568 medio
2136 1511 2457 1584 juramento
2484 1508 2819 1586 praestando,
2846 1517 3041 1564 aucto·

335 1607 479 1664 ritate
497 1608 696 1663 nostra
717 1605 1113 1672 examinando,
1131 1603 1469 1679 diligentem
1490 1604 1919 1681 inquisitionem
1948 1606 2208 1672 habeant,
2226 1617 2283 1664 et
2303 1597 2655 1682 potissimum
2677 1600 3043 1674 interrogent,

334 1693 464 1756 anne
501 1699 715 1755 electus
754 1697 1007 1753 honestae
1046 1705 1105 1753 et
1144 1696 1394 1771 probatae
1434 1697 1608 1754 vitae?
1690 1697 1840 1756 Item
1881 1717 1958 1754 an
1998 1696 2219 1764 doctuS,
2246 1707 2304 1753 et
2344 1715 2538 1753 earum
2577 1711 2787 1758 rerum,
2815 1710 2945 1765 quae
2970 1690 3043 1748 ad

333 1789 636 1864 parochum,
665 1796 725 1844 et
766 1805 962 1844 curam
1001 1787 1323 1844 animarum
1365 1787 1653 1865 pertinent
1696 1788 1912 1865 peritus
1953 1786 2066 1844 sit?
2105 1783 2255 1844 anne
2285 1785 2533 1844 officium
2562 1805 2735 1842 suum
2763 1784 3044 1861 pastorale

337 1879 619 1955 diligenter
644 1877 969 1954 praestiterit
985 1878 1013 1932 Ρ
1062 1897 1136 1934 an
1165 1878 1235 1937 de
1262 1879 1540 1936 catholica
1562 1879 1837 1955 religione
1864 1875 2010 1936 bene
2039 1888 2096 1935 et
2123 1874 2332 1936 sincere
2362 1877 2607 1935 sentiat?
2649 1895 2721 1932 an
2750 1876 2820 1933 de
2848 1875 3046 1933 haeresi

338 1972 418 2028 vel
457 1973 605 2027 secta
642 1969 859 2045 aliqua,
892 1965 1206 2044 aliquando
1248 1969 1574 2029 diffamatus
1610 1970 1826 2028 fuerit?
1886 1966 2027 2027 niun
2071 1969 2450 2028 concubinam
2481 1978 2539 2027 et
2572 1967 2724 2025 filios
2763 1968 2857 2023 vel
2898 1966 3046 2023 filias

334 2063 535 2128 babeat,
571 2072 627 2121 et
665 2072 808 2136 quot
823 2062 850 2116 Ρ
903 2080 977 2117 an
1018 2071 1308 2129 scortator,
1339 2073 1580 2139 potator,
1624 2064 1799 2129 lusor,
1842 2063 2220 2139 blasphemus,
2262 2078 2574 2137 percussor,
2618 2058 2711 2116 vel
2753 2058 2885 2114 aliis
2925 2058 3045 2130 ejus

335 2152 543 2226 generis
568 2150 726 2208 vitiis
751 2150 987 2207 affectus
1013 2150 1085 2208 sit
1103 2153 1130 2207 ’τ’
1187 2151 1318 2216 Quo
1344 2152 1492 2210 sacto
1520 2153 1691 2212 iidem
1711 2152 2028 2210 visitatores
2056 2151 2254 2219 nostri,
2275 2151 2459 2217 nobie,
2480 2151 2571 2207 vel
2602 2148 2811 2207 vicario
2833 2158 3045 2215 nostro,

334 2242 396 2299 de
420 2245 523 2299 sua
559 2241 949 2316 inquisitione,
983 2242 1213 2300 fidelem
1262 2242 1592 2301 relationem
1639 2243 1866 2310 faciant,
1902 2243 2169 2317 dictaque
2217 2240 2446 2299 testium
2494 2237 2945 2297 examinatorum
2984 2237 3047 2294 in

335 2332 532 2408 scripto
557 2333 877 2391 exhibeant.
958 2327 1183 2390 verbm
1222 2334 1326 2390 ubi
1366 2333 1527 2393 brevi
1554 2345 1824 2410 tempore,
1851 2333 2038 2392 eidem
2065 2335 2208 2400 loce,
2237 2351 2341 2389 seu
2368 2325 2629 2406 capitulo,
2658 2328 2824 2385 nulla
2857 2327 3048 2384 immi-

336 2437 479 2483 neret
506 2424 779 2491 visitatio,
807 2423 867 2480 id
894 2425 1051 2498 quod
1083 2429 1203 2501 jam
1243 2423 1415 2485 antea
1441 2428 1511 2485 de
1537 2426 1930 2485 visitatoribus
1956 2425 2165 2482 nostris
2193 2423 2459 2489 diximus,
2486 2420 2662 2478 alicui
2688 2438 2760 2477 ex
2785 2416 3045 2475 commis-

335 2517 480 2575 sariis
505 2516 713 2575 nostris
736 2517 962 2591 juratis,
990 2517 1109 2577 sive
1148 2518 1238 2576 illi
1278 2520 1338 2577 in
1380 2518 1540 2577 curia
1579 2522 1793 2587 nostra,
1820 2518 1939 2577 sive
1980 2529 2139 2577 extra
2178 2515 2449 2583 habitent,
2477 2510 2799 2590 sumptibus
2839 2507 3046 2568 nostris

336 2609 722 2668 committatur.
834 2609 956 2667 Ubi
995 2621 1188 2667 autem
1228 2612 1461 2678 electus,
1503 2632 1575 2669 ex
1617 2612 1766 2669 facta
1812 2610 2203 2687 inquisitione,
2245 2608 2497 2687 probatae
2539 2605 2690 2671 vitae,
2731 2603 2942 2680 dignus
2991 2612 3049 2660 et

337 2701 558 2761 idoneus
606 2712 863 2778 repertus
900 2701 1090 2769 fuerit,
1126 2716 1251 2760 tum
1291 2705 1405 2762 huc
1440 2715 1696 2772 vocatus,
1732 2723 1924 2762 coram
1970 2703 2185 2762 vicario
2231 2712 2443 2766 nostre,
2488 2708 2659 2774 atque
2704 2693 2948 2761 notario,
2991 2704 3049 2752 et

337 2794 558 2850 testibus
588 2794 849 2867 juratum
890 2793 1025 2851 fidei
1067 2794 1489 2869 professionem,
1517 2790 1827 2854 secundum
1852 2794 1951 2853 Pii
1982 2795 2087 2852 IV.
2114 2794 2433 2859 formulam,
2462 2790 2649 2855 faciat,
2673 2799 2730 2847 et
2756 2783 3047 2850 betanatti'ss

330 2881 717 2953 juramentum,
746 2883 856 2940 sub
895 2886 980 2950 ea,
1008 2903 1138 2958 quae
1178 2885 1455 2960 sequitur,
1482 2887 1783 2945 verborum
1824 2885 2027 2953 forma,
2056 2895 2296 2962 praestet.
2377 2883 2605 2948 Quibus
2633 2881 2813 2948 factis,
2840 2880 3046 2937 confir-

337 2975 586 3032 mationis
612 2975 953 3032 beneficium
980 2975 1033 3033 ei
1060 2976 1398 3035 conferatur.

406 3084 481 3122 1v.
523 3066 736 3123 Forma
773 3075 963 3123 autem
996 3067 1308 3139 juramenti
1346 3071 1672 3129 betauotum
1711 3065 1990 3130 mullum
2031 3069 2162 3127 talis
2198 3080 2313 3127 est:
2355 3074 2390 3099 ‘⁴
2409 3068 2539 3144 Ego
2568 3066 2649 3124 N.
2669 3065 2803 3139 juro
2830 3073 2889 3121 et
2916 3081 3047 3138 pro-

336 3155 489 3214 mitto
534 3157 659 3215 Deo
704 3156 1119 3233 omnipotenti,
1151 3169 1207 3217 et
1255 3161 1445 3218 Beatae
1483 3162 1685 3219 Mariae
1712 3161 1965 3237 Virgini,
2012 3161 2336 3236 sanctisque
2379 3157 2621 3233 Pelagio
2670 3166 2728 3213 et
2769 3155 3047 3219 Conrado,

336 3249 570 3307 ecclesia»
622 3250 1039 3307 Constantiens.
1091 3253 1363 3328 patronis,
1416 3253 1572 3328 quod
1642 3253 2106 3313 reverendissimo
2158 3252 2392 3310 domino
2459 3249 2720 3325 episeopo
2772 3246 3046 3302 Constan-

336 3336 486 3394 tiens.
526 3350 583 3396 et
624 3338 747 3395 suis
787 3342 1219 3410 successoribus,
1263 3342 1530 3403 canonice
1571 3344 1933 3411 intrantibus,
1974 3362 2283 3418 eorumque
2325 3340 2539 3400 vicario
2578 3349 2638 3397 et
2674 3335 2899 3396 officiali
2941 3353 3047 3410 pro

337 3437 573 3505 tempore
595 3430 988 3499 existentibus,
1015 3432 1200 3492 fidelis
1228 3444 1285 3492 et
1311 3434 1577 3492 obediens
1605 3454 1733 3492 ero:
1774 3435 2028 3508 ejusdem
2059 3430 2512 3492 reverendissimi
2532 3428 2751 3488 domini
2779 3425 3048 3504 episcopi,

336 3529 385 3575 et
420 3521 539 3593 ejus
578 3521 826 3579 eeclesiae
866 3526 1163 3584 commoda
1202 3525 1570 3601 promovebO,
1600 3537 1657 3584 et
1697 3526 1905 3584 damna
1932 3536 2217 3585 avertam:
2261 3522 2530 3587 officium,
2556 3521 2629 3579 ad
2656 3520 2812 3595 quod
2837 3520 3049 3578 electus

341 3629 476 3678 sum,
495 3613 658 3686 juxta
698 3614 930 3671 modum
969 3625 1027 3673 et
1065 3618 1318 3684 formam,
1344 3614 1563 3680 uetanis
1601 3616 1664 3675 in
1691 3616 1930 3675 Statutis
1958 3614 2342 3694 Synodalibus
2372 3612 2771 3690 praescriptam,
2797 3606 3051 3668 fideliter

342 3704 614 3770 exercebO,
640 3705 855 3779 absque
880 3705 1011 3766 dolo
1039 3718 1096 3766 et
1122 3707 1339 3775 fraude,
1355 3716 1409 3766 et
1437 3726 1553 3766 non
1581 3710 1750 3767 modo
1777 3727 1893 3766 non
1918 3709 2167 3767 interero
2194 3705 2487 3781 aliquibus
2514 3701 3046 3780 conspirationibus,

342 3811 436 3850 seu
460 3796 806 3861 tractatibus,
831 3808 1028 3856 contra
1066 3799 1312 3857 eundem
1355 3799 1886 3881 reverendissimum
1913 3800 2212 3858 dominum
2240 3796 2591 3874 episcopum,
2611 3795 2847 3870 ejusque
2873 3794 3047 3851 eccle·

344 3882 477 3941 siam
503 3885 939 3955 constantiens„
968 3891 1066 3949 sed
1106 3910 1220 3958 eos,
1262 3890 1364 3966 qui
1406 3912 1496 3950 me
1537 3891 1745 3950 sciente
1786 3893 2008 3959 fierent,
2040 3892 2134 3949 vel
2173 3890 2246 3948 ab
2286 3888 2580 3964 aliquibus
2618 3895 3051 3949 attentarentur,

344 3992 439 4050 pro
477 3977 695 4035 viribus
735 3978 1061 4054 impediam,
1103 3992 1159 4041 et
1196 3982 1572 4058 praeveniamz
1611 3994 1669 4040 et
1709 3983 1757 4040 si
1799 3982 1988 4040 minus
2030 3982 2260 4058 possim,
2301 3980 2372 4039 de
2409 3979 2527 4038 illis
2567 3980 2766 4036 saltem
2807 3975 3048 4034 eundem

344 4072 865 4131 reverendissimum
905 4073 1203 4131 dominum
1243 4094 1436 4133 meum
1477 4075 1809 4152 episcopum
1848 4074 2262 4132 Constantiens.
2302 4068 2637 4137 admonebo,
2678 4090 2745 4127 ac
2792 4087 2906 4133 eos,
2945 4062 3050 4140 qui

342 4160 660 4234 hujusmodi
682 4163 1182 4242 conspirationum,
1199 4185 1304 4223 seu
1334 4176 1681 4225 tractatuum
1709 4177 1970 4225 auctores
1998 4166 2227 4232 suerint,
2248 4164 2301 4223 ei
2322 4162 2582 4222 deferam.
2663 4158 2758 4217 Sic
2777 4176 2866 4214 me
2884 4156 3050 4212 Deus

345 4252 579 4325 adjuvet,
605 4265 662 4311 et
686 4256 805 4311 haec
832 4256 1039 4313 Sancta
1066 4257 1181 4314 Dei
1210 4258 1583 4335 Evangelia.”

421 4362 473 4400 v.
511 4341 730 4405 ”nani
768 4347 966 4415 sciant,
994 4368 1053 4407 se
1087 4349 1151 4406 in
1190 4360 1407 4425 partem
1435 4350 1841 4409 sollicitudinis
1868 4347 2208 4428 episcopalis
2235 4357 2464 4406 vocatos
2492 4364 2630 4410 esse,
2656 4352 2713 4400 et
2745 4329 3050 4417 Propterea
