3882 5037
1301 463 1808 541 {tam—wiotum
1836 467 1895 528 of
1919 464 2124 543 atqui.
2921 467 3056 538 331

372 665 593 742 denique
627 665 738 724 erit
768 686 897 732 nos,
926 666 1017 724 vel
1050 667 1254 726 fiscum
1289 680 1546 727 nostrum
1584 662 1921 743 quantocius
1959 665 2251 726 certiorem
2286 665 2467 724 facere
2501 665 2571 722 de
2607 676 2786 722 morte
2819 665 3074 723 defuncti

373 758 546 815 curati.
626 757 785 815 Ante
813 756 1008 815 omnia
1036 759 1399 818 meminerint
1431 759 1716 833 justorum
1760 757 2024 815 defuncto
2052 755 2575 834 persolvendorum,
2602 765 2667 811 ut
2692 754 2835 812 nihil
2861 755 3077 814 deside-

374 861 527 915 retur,
557 847 850 905 advocatis
892 844 1125 905 aliunde
1172 850 1399 924 aliquot
1443 870 1512 908 ex
1557 847 1938 907 confratribus
1981 845 2380 906 sacerdotibus.
2462 844 2628 908 Quod
2673 845 2722 902 si
2754 856 2868 903 tam
2912 858 3078 904 curta

372 940 605 998 defuncti
647 938 910 1015 supellex
950 949 1109 1007 esset,
1133 951 1198 997 ut
1225 941 1550 1017 sumptibus
1590 938 1929 998 funebribus
1971 957 2072 1013 par
2110 957 2227 995 non
2268 937 2429 1001 foret,
2458 935 2739 1010 reliquum
2767 957 2838 996 ex
2865 937 3079 996 fabrica

373 1029 616 1095 ecclesiae,
644 1028 745 1087 cui
773 1029 1094 1098 deservivit,
1122 1043 1397 1099 sumatur,
1426 1033 1518 1092 vel
1547 1026 1784 1088 aliunde
1817 1028 1889 1100 (si
1916 1027 2134 1086 fabrica
2159 1027 2286 1103 ipsa
2304 1026 2551 1098 laboret)
2574 1027 2904 1104 accipiatur.
2985 1030 3076 1086 De

370 1140 666 1179 successore
694 1120 900 1178 idoneo
926 1118 1343 1199 quamprimum
1373 1121 1756 1200 provideatur,
1777 1139 1849 1178 ne
1871 1119 2106 1177 viduata
2127 1115 2227 1177 dih
2253 1128 2478 1176 maneat
2505 1119 2757 1177 ecclesia.
2842 1115 3074 1178 Interea

373 1213 622 1290 temporis
652 1210 897 1274 bitatluss
925 1211 1154 1281 tutelis,
1184 1215 1277 1273 vel
1305 1215 1442 1291 ipse,
1471 1215 1562 1272 vel
1604 1233 1705 1289 per
1742 1211 1926 1269 alium
1956 1211 2204 1270 viduatae
2243 1209 2510 1268 inserviat
2537 1210 2803 1277 ecclesiae,
2831 1212 3072 1287 percipi-

374 1305 505 1363 endo
530 1316 584 1362 et
611 1303 938 1380 gaudendo,
967 1323 1070 1378 pro
1113 1316 1234 1363 rata
1272 1307 1397 1380 ejus
1438 1304 1706 1382 temporis
1749 1302 2010 1362 beneficii
2035 1301 2335 1369 fructibus,
2367 1301 2544 1359 donec
2572 1301 2721 1359 alius
2749 1302 2997 1379 eligatur
3021 1314 3078 1362 et

375 1393 621 1455 canonice
650 1396 1002 1454 instituatur.

1914 1488 2030 1544 CC.
2052 1483 2397 1552 Ger-nmmos,
2424 1483 2588 1541 Tom.
2611 1501 2684 1540 lx.
2718 1500 2770 1558 p.
2788 1485 2925 1551 365,
2942 1487 3078 1541 366.

1601 1711 1837 1794 litam.

1437 1822 1675 1889 ”toust
1704 1825 1761 1885 of
1785 1823 1989 1901 fitqut.

452 1929 718 1989 Dscans
745 1948 816 1987 or
842 1949 957 1988 'ran
982 1930 1346 1988 Paovmcuu.
1373 1931 1569 1989 Svnon
1596 1950 1666 1988 or
1695 1931 1904 1999 Aoom,
1932 1949 2274 1990 RmPBcTING
2299 1928 2641 2001 faramans
2666 1929 2886 1997 vituts
2913 1952 2988 1991 oa

834 2018 1040 2085 ”taus
1066 2020 1277 2089 Rutal,
1306 2041 1381 2080 av
1405 2023 1782 2081 Aacnmsnor
1809 2025 2124 2088 Cannam-1,
2151 2023 2302 2081 Aa).
2321 2041 2609 2081 mmxxxv.

445 2128 553 2186 UT
583 2129 886 2205 episcopus
922 2131 984 2187 in
1024 2131 1165 2187 urbe
1207 2127 1377 2187 etiam
1419 2140 1721 2188 externum
1757 2149 1992 2206 gregem
2034 2124 2256 2187 faciliiis
2291 2130 2458 2205 quasi
2500 2149 2741 2207 prmens
2775 2127 2986 2188 intueri
3021 2143 3078 2190 et

372 2237 556 2277 curare
584 2219 778 2296 possit,
805 2221 1019 2298 deligat
1058 2220 1283 2295 aliquot
1322 2222 1590 2296 probatos
1629 2222 1963 2286 sacerdotes,
1990 2219 2093 2294 qui
2131 2219 2423 2277 literarum
2465 2219 2718 2285 scientia,
2744 2239 3078 2296 morumque

372 2309 705 2386 integritate,
749 2323 806 2370 et
850 2333 1039 2371 rerum
1081 2313 1429 2390 agendarum
1472 2332 1585 2370 usu
1633 2312 2051 2389 proestantiores
2093 2311 2224 2378 sint,
2265 2312 2478 2385 quibus
2525 2311 2767 2387 singulis
2809 2311 3077 2387 imposito

373 2398 551 2461 hiterii
589 2400 802 2462 forami
843 2405 1090 2472 nomine,
1119 2404 1339 2464 tribuat
1378 2415 1561 2463 certas
1604 2405 1865 2482 regiones
1906 2401 2162 2460 dioecesis
2202 2423 2336 2470 suae,
2362 2415 2508 2470 octo,
2544 2404 2638 2460 vel
2677 2403 2873 2461 decem
2913 2423 3076 2479 paro-

372 2494 568 2553 chiales
604 2495 869 2555 ecclesias
906 2495 1269 2563 continentes,
1307 2496 1615 2555 constituto
1657 2507 1847 2555 tamen
1887 2491 2155 2555 bitatlatu
2192 2494 2253 2553 in
2292 2494 2487 2572 aliquo
2523 2495 2650 2554 loco
2686 2492 2990 2571 insigniori
3022 2507 3078 2554 et

372 2585 747 2661 frequentiori,
773 2587 893 2645 illis
923 2596 1117 2644 autem
1146 2606 1272 2643 eam
1303 2587 1629 2645 facultatem
1658 2587 1910 2644 tribuere
1943 2585 2149 2661 poterit
2178 2584 2495 2662 episcopus,
2522 2604 2696 2659 quam
2723 2584 2861 2662 ipse,
2889 2597 2946 2642 et
2973 2606 3077 2663 pro

371 2676 592 2735 illorum
619 2678 954 2744 eruditione,
978 2688 1034 2736 et
1062 2697 1164 2753 pro
1189 2678 1464 2744 locorum,
1489 2689 1878 2754 temporumve
1907 2677 2126 2734 ratione
2154 2676 2510 2734 tribuendam
2539 2677 2838 2734 censuerit.

447 2769 546 2826 Hii
572 2780 762 2827 autem
791 2764 982 2828 bitattt
1009 2767 1262 2842 regionis
1290 2767 1400 2825 sibi
1427 2787 1529 2844 per
1555 2769 1879 2844 episcopum
1920 2767 2233 2825 commissae
2275 2766 2630 2843 praesbiteros
2670 2768 3078 2846 cujuscumque

372 2860 718 2926 conditionis,
747 2878 944 2917 curam
969 2856 1292 2914 animarum
1319 2858 1587 2916 habentes
1613 2855 1791 2916 semel
1818 2857 2064 2934 singulis
2092 2856 2378 2915 mensibus
2407 2851 2618 2913 modo*
2603 2878 2664 2915 ιιι
2691 2878 2882 2927 unam,
2910 2858 3080 2920 modo

372 2951 428 3009 in
463 2952 633 3010 aliam
674 2953 798 3025 ejus
838 2946 1087 3025 regionis
1127 2948 1504 3023 parochialem
1542 2949 1839 3007 ecclesiam
1887 2958 2272 3024 congregent.
2328 2946 2504 3021 idque
2548 2946 2609 3005 in
2646 2950 2842 3007 orbem
2884 2953 3080 3011 eodem

372 3042 556 3099 ordine
591 3038 812 3119 semper
846 3039 1066 3097 faciant.
1148 3036 1346 3097 Pridie
1393 3040 1516 3114 ejus
1557 3039 1674 3097 diei
1711 3058 1885 3114 quam
1928 3038 1991 3095 in
2030 3057 2208 3095 unum
2246 3039 2436 3096 locum
2464 3040 2820 3108 conveniant,
2858 3055 3083 3117 peccata

372 3152 467 3190 sua
491 3154 685 3192 omnes
711 3133 1106 3196 confiteantur,
1136 3140 1202 3186 ut
1229 3129 1692 3207 congregationis
1733 3130 1825 3188 die
1864 3129 1928 3185 in
1965 3130 2034 3186 est
2075 3128 2327 3194 ecclesis,
2354 3129 2415 3185 in
2457 3132 2574 3203 qua
2607 3133 2936 3207 congregati
2962 3134 3082 3192 fue-

372 3223 494 3290 rint,
521 3225 750 3281 missam
770 3221 989 3297 singuli
1018 3220 1305 3279 celebrare
1331 3222 1566 3297 possint.
1650 3222 1803 3278 Tum
1830 3218 2084 3277 universi
2111 3218 2172 3276 in
2198 3221 2370 3277 choro
2398 3220 2629 3278 missam
2654 3225 3082 3282 conventualem

374 3332 468 3389 pro
495 3315 733 3373 mortuis
760 3314 998 3373 solemni
1026 3331 1180 3370 more
1209 3323 1456 3380 cantent,
1485 3313 1548 3369 in
1575 3315 1694 3387 qua
1720 3331 1918 3369 eorum
1953 3309 2164 3384 aliquis
2204 3305 2243 3367 a
2269 3311 2482 3369 vicario
2521 3312 2584 3369 in
2627 3312 2807 3387 priori
2846 3334 3083 3391 congre-

371 3405 589 3480 gatione
616 3406 945 3463 admonitus
971 3404 1296 3463 concionem
1324 3405 1396 3462 ad
1426 3405 1705 3482 populum
1731 3404 1953 3461 habeat.

446 3498 727 3556 Confectis
753 3498 945 3565 sacris,
973 3497 1383 3574 processionem
1413 3516 1612 3555 omnes
1636 3517 1737 3573 per
1763 3506 1948 3554 totum
1976 3492 2171 3552 vicum
2198 3492 2559 3570 oppidumve,
2578 3505 2680 3551 aut
2705 3494 2855 3553 circa
2882 3518 3083 3558 coeme-

374 3589 571 3646 terium
597 3586 799 3647 saltEm
826 3589 1060 3647 obeant:
1102 3583 1220 3645 tiim
1250 3583 1383 3646 vero
1425 3586 1486 3645 in
1527 3587 1696 3645 domo
1739 3585 1973 3663 parochi
2015 3585 2207 3651 simul,
2247 3588 2317 3643 ea
2355 3587 2474 3659 qua
2512 3587 2671 3644 decet
2711 3586 2985 3646 modestia
3028 3601 3086 3647 et

371 3680 649 3746 charitate,
691 3699 810 3737 uno
850 3673 1069 3737 tantum
1107 3678 1325 3737 ferculo
1365 3677 1637 3745 contenti,
1678 3677 1872 3736 cibum
1911 3677 2178 3754 capiant:
2245 3696 2349 3735 nec
2388 3675 2450 3733 in
2496 3681 2692 3736 mensa
2732 3679 2877 3737 desit
2914 3682 3086 3740 lectio

374 3770 608 3845 alicujus
633 3772 717 3848 pii
743 3770 895 3829 libri.
977 3765 1201 3829 Deinde
1240 3779 1604 3845 assurgentes
1644 3788 1860 3836 omnes,
1886 3780 1945 3827 et
1985 3767 2200 3845 gratias
2227 3769 2356 3827 Deo
2382 3780 2632 3845 agentes,
2665 3769 2786 3828 bini
2812 3772 2887 3829 ad
2913 3774 3087 3832 eccle-

376 3860 511 3919 siam
535 3882 594 3920 se
622 3863 935 3929 conferant,
961 3861 1067 3919 ubi
1106 3861 1345 3939 peractis
1385 3861 1605 3937 gratiis,
1633 3860 1876 3920 induant
1918 3859 2136 3938 singuli
2176 3880 2309 3919 suos
2349 3862 2806 3938 superpelliceos,
2844 3861 3086 3928 bitatluss

378 3947 506 4008 vero
529 3953 699 4011 etiam
740 3955 946 4012 stolam
987 3954 1270 4021 adhibeat,
1300 3964 1357 4010 et
1398 3974 1498 4031 per
1538 3972 1672 4011 eum
1714 3953 1866 4012 dicta
1904 3953 2163 4012 oratione
2203 3953 2265 4011 in
2304 3954 2588 4030 principio
2627 3957 3087 4033 congregationis

380 4042 595 4101 recitari
621 4044 806 4112 solita,
835 4064 1031 4102 omnes
1071 4045 1352 4103 assideant
1392 4057 1449 4103 et
1488 4045 1637 4103 inter
1678 4065 1738 4102 se
1780 4045 2088 4113 conferant,
2118 4064 2248 4120 quae
2272 4045 2347 4104 ad
2376 4043 2511 4103 boni
2538 4045 2780 4123 pastoris
2819 4048 3085 4114 officium,

378 4141 435 4188 et
484 4134 553 4191 ad
600 4155 796 4193 curam
844 4136 1164 4194 animarum
1214 4134 1364 4195 recte
1412 4136 1925 4195 administrandum
1970 4138 2269 4214 pertinent,
2317 4147 2374 4194 et
2423 4137 2493 4194 de
2539 4136 2988 4205 difficultatibus,
3031 4150 3089 4196 et

378 4222 742 4285 incommodis
768 4246 1001 4285 suarum
1028 4228 1430 4305 parochiarum
1458 4230 1774 4297 consulant,
1794 4240 1864 4287 ut
1898 4230 1972 4287 iis
2011 4228 2301 4287 communi
2340 4227 2577 4286 consilio
2610 4227 2860 4285 remedia
2884 4247 3086 4304 oppor-

379 4322 516 4371 tuna
539 4317 855 4375 adhibeant.

3519 4202 3550 4299 Q·—

3561 4108 3574 4117 ἱ
