3882 5037
833 472 981 541 436
1654 464 2310 547 asperima—English
2339 465 2709 527 Botumtuts.

3255 465 3444 537 [PAR-r
3470 466 3549 521 ΙΙ.

1047 675 1096 728 5.
1141 671 1442 729 lxmam-10
1469 689 1544 727 ΝΕ
1569 670 1891 727 Secumau
1922 669 1963 725 J
1969 685 2164 725 umen
2197 686 2259 724 m
2289 668 2587 725 Eccmsns
2615 683 2728 722 vm.
2752 679 2950 721 mauu
2979 661 3351 719 &aurnuns

2021 777 2377 816 mummuli.

920 859 960 915 J
963 856 1376 915 OHANNES.
1406 857 1507 914 &c.
1551 856 1622 914 de
1668 857 1728 912 C.
1769 868 1825 914 et
1871 855 1943 912 de
1986 855 2057 912 Β.
2099 850 2336 922 uetanis,
2364 856 2466 912 &c.
2572 852 2763 926 Urget
2804 870 2909 908 nos
2959 846 3317 926 professionis
3355 857 3564 906 nostrae

841 948 1095 1006 debitum
1136 960 1191 1005 et
1230 945 1514 1021 astringit,
1541 956 1606 1002 ut
1646 945 2077 1003 constitutiones
2117 946 2416 1003 canonicas
2455 943 2837 1007 observemus,
2866 951 2924 997 et
2965 934 3003 995 a
3043 939 3248 996 nostris
3289 939 3565 997 faciamus

841 1039 1085 1097 subditis
1135 1037 1439 1095 observari.
1538 1030 1684 1093 Chm
1731 1035 1914 1112 igitur
1962 1057 2034 1096 ne
2080 1037 2141 1095 in
2191 1037 2463 1103 ecclesiis,
2503 1053 2772 1093 earumve
2821 1031 3178 1096 coemeteriis,
3220 1031 3564 1088 secularium

835 1129 1190 1204 judiciorum
1228 1128 1498 1203 strepitus
1529 1128 1864 1194 habeantur,
1894 1139 1996 1186 aut
2026 1129 2087 1186 in
2124 1128 2245 1186 illis
2281 1148 2451 1185 causa
2481 1125 2673 1201 aliqua
2715 1145 2817 1202 per
2848 1125 3023 1181 lai‘cos
3064 1125 3327 1200 agitetur,
3357 1133 3569 1180 statuta

845 1221 1117 1278 canonica
1163 1221 1522 1286 interdicant,
1561 1238 1664 1277 nos
1708 1221 1894 1293 (juxta
1931 1221 2163 1279 inventa
2203 1220 2265 1277 in
2306 1220 2513 1277 ultima
2556 1217 2880 1276 visitatione
2922 1220 3133 1280 nostra,
3171 1235 3343 1290 quam
3394 1235 3572 1292 super

846 1313 1063 1370 clerum
1090 1320 1146 1367 et
1183 1312 1464 1386 populum
1502 1322 1710 1367 nostrae
1746 1311 2005 1370 dioecesis
2040 1312 2418 1380 exercuimus)
2447 1309 2813 1368 interdictum
2852 1305 3183 1379 hujusmodi
3218 1306 3503 1364 contemni
3532 1301 3571 1363 ὲ.

847 1404 1110 1480 pluribus
1151 1402 1357 1460 nostris
1398 1402 1657 1468 subditis,
1690 1403 2122 1479 perpendentes,
2148 1402 2326 1468 vobis,
2355 1402 2416 1459 in
2454 1402 2664 1460 virtute
2703 1397 3038 1456 obedientiae
3073 1396 3480 1454 committimus
3517 1408 3573 1455 et

849 1497 1203 1560 mandamus,
1225 1488 1500 1568 quateniis
1528 1494 1675 1550 illud
1703 1493 1766 1551 in
1796 1493 2045 1571 singulis
2073 1493 2326 1552 ecclesiis
2354 1491 2773 1569 parochialibus
2794 1499 2851 1547 et
2871 1489 3126 1564 capellis,
3148 1508 3249 1565 per
3272 1491 3571 1551 brennam&

849 1596 1064 1643 vestros
1092 1584 1435 1649 constitutis,
1465 1582 1647 1641 tribus
1674 1584 1876 1643 diebus
1904 1583 2226 1643 Dominicis
2254 1605 2353 1642 seu
2381 1584 2612 1646 festivis,
2641 1594 2766 1658 post
2787 1581 3151 1658 praesentium
3176 1580 3572 1656 receptionem,

849 1679 998 1735 intra
1014 1677 1342 1735 divinorum
1361 1676 1638 1734 solemnia
1656 1674 1889 1752 publice
1909 1676 2209 1752 publicari,
2225 1687 2280 1735 et
2301 1676 2582 1734 observari
2598 1670 2834 1732 firmiter
2854 1674 3103 1731 faciatis:
3145 1674 3205 1730 in
3223 1672 3575 1731 contrarium

851 1770 1131 1835 facienteS,
1166 1787 1268 1843 per
1293 1787 1592 1824 censuram
1621 1767 2072 1832 ecclesiasticam,
2105 1764 2374 1825 canonice
2403 1766 2824 1843 compescendo.

921 1864 1063 1920 Dat.
1081 1861 1234 1937 apud
1257 1860 1594 1934 Lidington,
1615 1860 1780 1916 tertio
1803 1858 1933 1916 idus
1953 1861 1991 1915 J
1995 1859 2236 1926 anuarii,
2252 1881 2402 1918 anno
2424 1860 2662 1917 Domini
2684 1859 2982 1917 millesimo
2998 1856 3383 1917 trecentesimo
3403 1874 3575 1914 nono.

1036 1952 1360 2031 Oughton's
1390 1954 1581 2009 Form.
1613 1952 1742 2008 Vol.
1768 1970 1831 2008 11.
1861 1970 1913 2028 p.
1947 1953 2078 2007 293.
2106 1951 2208 2009 N0.
2232 1970 2424 2010 cccxx.
2454 1954 2591 2030 Ray.
2621 1953 2779 2009 Line.
2804 1951 3092 2025 Daldrby
3126 1950 3296 2006 Mem.
3324 1948 3417 2006 fol.
3449 1949 3513 2006 14
3526 1953 3578 2004 5.

895 2122 949 2176 6.
992 2121 1141 2179 ΑΗΔ
1185 2121 1486 2180 [mum-rm
1529 2141 1605 2180 NE
1647 2123 1934 2179 Manen-A
1964 2137 2318 2184 TENEANTUR,
2348 2136 2453 2176 ssu
2482 2138 2558 2176 ΝΕ
2583 2138 2713 2186 Qms
2739 2119 3216 2177 Nnoormnonns
3242 2133 3539 2173 nxnacnn

1757 2231 1820 2270 m
1853 2209 2156 2275 Eoctssffi,
2186 2228 2287 2266 sm
2309 2209 2681 2268 Coemmssmo.

935 2314 975 2370 J
980 2314 1390 2381 OHANNES,
1421 2316 1790 2391 permissione
1818 2315 2036 2373 Divina
2067 2312 2489 2371 Lincolniensis
2517 2313 2834 2389 episcopus,
2863 2312 3069 2370 dilecto
3105 2311 3166 2368 in
3193 2310 3418 2368 Christo
3456 2309 3581 2366 filio

853 2405 1053 2462 betauo
1081 2404 1669 2481 Northamptoniensi,
1697 2408 1961 2472 salutem,
1989 2406 2091 2463 διο.
2177 2403 2271 2461 Ad
2314 2415 2573 2462 nostrum
2613 2424 2797 2479 nuper
2834 2403 3088 2479 pervenit
3114 2402 3392 2469 auditum,
3421 2396 3580 2475 quod

854 2495 1089 2571 quidam
1129 2494 1452 2571 iniquitatis
1491 2499 1600 2556 filii
1642 2497 1704 2555 in
1745 2496 1981 2556 ecclesia
2021 2496 2281 2555 omnium
2323 2505 2646 2553 sanctorum
2690 2493 3272 2572 Northamptoniensi,
3301 2505 3358 2552 et
3399 2492 3581 2570 ipsius

858 2587 1195 2651 coemeteri0‚
1226 2601 1473 2646 mercata
1508 2590 1720 2647 faciant
1757 2599 1814 2648 et
1849 2589 2268 2663 negotiationes
2304 2599 2582 2656 exercent,
2610 2598 2727 2644 tam
2768 2588 2970 2645 diebus
3007 2586 3218 2644 feriatis
3255 2581 3434 2661 quam
3461 2604 3580 2643 non

855 2677 1086 2743 feriatis,
1115 2677 1185 2733 de
1222 2679 1391 2738 domo
1419 2680 1532 2739 Dei
1569 2682 1898 2756 speluncam
1936 2681 2242 2747 latronum,
2270 2690 2325 2738 et
2362 2681 2595 2737 domum
2626 2678 2856 2746 diaboli,
2883 2679 3073 2737 taliter
3100 2677 3405 2744 facientes3
3445 2697 3579 2734 cum

856 2768 918 2824 in
959 2769 1286 2841 hujusmodi
1340 2765 1724 2829 contractibus
1766 2792 1827 2829 se
1867 2771 2185 2830 adinvicem
2226 2772 2528 2847 decipiant,
2570 2773 2662 2830 vel
2704 2771 2999 2829 intendant
3038 2770 3315 2846 decipere,
3357 2781 3580 2827 contra·

857 2862 1086 2926 hentes;
1141 2861 1473 2919 nullatenus
1513 2863 1865 2921 advertentes
1909 2859 2152 2937 qualiter
2194 2865 2501 2930 Dominus,
2544 2864 2605 2921 in
2657 2875 2878 2921 tantum
2931 2863 3194 2920 abhorret
3246 2860 3308 2918 in
3364 2863 3583 2937 templo

858 2952 1313 3028 negotiationum
1366 2955 1703 3012 commercia
1756 2956 2025 3022 exerceri,
2078 2951 2234 3030 quod
2292 2956 2592 3014 vendentes
2645 2955 2713 3012 de
2770 2956 2983 3030 templo
3038 2955 3238 3027 ejicere
3290 2953 3478 3011 voluit
3526 2966 3584 3011 et

859 3056 1135 3104 ementes:
1189 3044 1468 3111 Quocirca
1507 3046 1669 3103 vobis
1712 3046 1798 3116 (in
1840 3047 2052 3105 virtute
2105 3046 2465 3114 obedientiae)
2522 3042 2757 3103 firmiter
2808 3046 3163 3122 injungendo
3221 3045 3584 3111 mandamus,

858 3148 1139 3212 quatenus
1179 3136 1240 3193 in
1281 3136 1434 3193 diets
1472 3138 1706 3195 ecclesia
1749 3137 1930 3194 tribus
1981 3137 2184 3195 diebus
2226 3137 2566 3205 Dominici8‚
2607 3158 2707 3195 seu
2761 3138 2998 3203 festivis,
3040 3138 3187 3194 intra
3230 3137 3583 3194 Divinorum

861 3228 1132 3295 solennia,
1162 3227 1418 3285 inhibere
1456 3228 1666 3287 curetis
1706 3230 1768 3287 in
1805 3248 2012 3304 genere
2048 3239 2106 3287 et
2142 3226 2365 3305 publice
2393 3230 2566 3300 (sicut
2592 3230 2773 3299 decet)
2804 3229 2911 3287 sub
2940 3232 3105 3304 poenfl
3134 3229 3588 3288 excommunica·

862 3320 1033 3377 tionis
1075 3319 1319 3393 majoris,
1347 3338 1419 3375 ne
1461 3319 1593 3394 quis
1633 3320 1703 3378 de
1743 3321 2044 3395 quibusvis
2075 3322 2243 3378 rebus
2270 3321 2566 3378 venalibus
2595 3321 2655 3377 in
2684 3322 2812 3396 ipsa
2838 3321 3090 3385 ecclesia,
3124 3322 3216 3378 vel
3245 3321 3589 3386 coemeteriO,

863 3424 1173 3471 mercatum
1204 3421 1425 3479 teneat;
1463 3431 1570 3469 nec
1612 3412 1789 3469 ullam
1817 3432 2048 3489 prorsus
2076 3412 2519 3489 negotiationem
2549 3432 2805 3470 exercere
2835 3424 3169 3487 prmumatr,
3212 3433 3285 3470 ne
3312 3412 3393 3469 ibi
3420 3412 3591 3470 detur

863 3501 1138 3576 peccandi
1176 3503 1416 3568 occasi0,
1458 3514 1558 3559 aut
1599 3504 2099 3578 deprehendantur
2138 3515 2366 3580 peccata
2405 3503 2703 3570 committi,
2746 3504 2850 3561 ubi
2897 3515 3255 3580 peccatorum
3294 3515 3380 3561 est
3421 3503 3591 3561 venia

864 3592 1231 3668 postulanda:
1288 3604 1484 3650 contra
1524 3613 1730 3668 eosque
1769 3595 1871 3668 qui
1911 3594 2320 3652 inhibitionum
2363 3604 2678 3652 vestrarum
2720 3595 3048 3668 hujusmodi
3101 3596 3318 3653 inventi
3373 3595 3591 3652 fuerint

863 3695 1272 3759 contemptores
1313 3680 1505 3740 taliter
1548 3685 1878 3759 procedatis,
1906 3705 2104 3743 eorum
2147 3686 2471 3743 insolentias
2511 3686 2933 3761 compescendO,
2961 3681 3115 3761 quod
3156 3688 3371 3762 punitae
3409 3697 3591 3744 trans-

862 3773 1169 3849 gressionis
1208 3775 1495 3849 exemplar
1534 3776 1674 3832 alios
1716 3776 2113 3834 consimilibus
2154 3779 2400 3833 retrahat
2427 3777 2500 3833 ab
2528 3777 2786 3834 offensis:
2827 3776 3270 3852 hujusmodique
3299 3776 3592 3837 inhibitio·

867 3884 1015 3932 nem,
1043 3884 1172 3921 cum
1210 3866 1356 3922 facta
1395 3865 1565 3922 fuerit
1606 3867 1667 3923 in
1703 3867 1939 3924 ecclesia
1974 3868 2276 3935 antedicta,
2307 3870 2366 3926 in
2401 3869 2529 3925 aliis
2568 3869 2815 3926 ecclesiis
2857 3869 3027 3926 vestri
3064 3865 3360 3930 betauatt'iss
3386 3868 3595 3927 vicinis

868 3956 961 4027 (de
1001 3955 1216 4029 quibus
1243 3955 1528 4015 videbitur
1568 3957 1859 4034 expedire)
1901 3958 2138 4027 faciatis,
2176 3980 2311 4017 cum
2354 3960 2710 4018 solemnitate
2751 3965 2870 4035 qua
2910 3960 3190 4026 convenit,
3235 3961 3594 4038 temporibus

870 4047 1140 4122 congruis
1170 4047 1466 4122 publicari.

954 4141 1087 4196 Dal.
1116 4138 1270 4215 apud
1311 4158 1540 4215 parcum
1575 4142 1795 4207 Stowae,
1837 4141 2042 4216 quinto
2082 4142 2346 4200 calendas
2389 4145 2427 4199 J
2431 4143 2671 4212 anuarii,
2714 4143 3154 4202 consecrationis
3191 4155 3401 4201 nostrae
3441 4164 3596 4203 anno

869 4232 1074 4307 quinto
1101 4231 1334 4288 decimo,

1033 4323 1357 4399 Oughton's
1388 4324 1579 4380 Form.
1607 4323 1736 4381 Vol.
1757 4341 1817 4380 11.
1846 4342 1897 4399 p.
1921 4326 2057 4380 293.
2088 4325 2187 4381 ΝΟ.
2217 4343 2430 4383 cccxlx.
2473 4326 2615 4404 Req.
2637 4324 2800 4383 Lino.
2823 4326 3111 4400 Dalderby
3141 4327 3317 4384 Mem.
3346 4325 3440 4384 fol.
3460 4328 3597 4383 281.
