3882 5037
860 490 1010 562 438
1686 484 2339 565 meUz—“Eugllsb
2369 485 2737 551 nocumenta.
3291 493 3474 565 [ΡΛιη
3494 496 3577 552 Π,

858 687 1033 766 quam
1078 690 1402 757 rectoribus,
1438 690 1682 757 vicariis,
1725 700 1782 747 et
1823 689 1952 747 aliis
1998 689 2436 764 quibuscunque
2478 688 2729 765 personis
2772 684 2953 765 magis
2995 687 3259 747 videretis
3298 694 3578 768 expedire,

860 776 1084 856 pleniiis
1111 781 1413 856 inquiratis
1440 782 1754 847 veritatem,
1783 800 1913 856 quae
1937 781 2015 838 sit
2033 781 2191 854 justa
2214 778 2517 839 aestimatio
2543 780 2803 838 omnium
2828 790 3211 858 proventuum
3247 784 3580 843 ecclesiasti-

859 893 1056 931 corum
1088 868 1203 930 tam
1235 874 1515 946 majorum
1541 868 1715 948 quam
1744 873 2048 939 minorum,
2076 872 2487 946 cujuscumque
2527 872 2642 929 sint
2680 882 3032 930 exemtornm
3058 874 3153 930 vel
3188 893 3306 932 non
3330 888 3578 934 exemto-

861 986 1006 1032 rum,
1037 967 1098 1024 in
1124 969 1389 1025 Uscanam
1417 976 1603 1023 vestro
1631 964 2022 1030 existentium,
2050 974 2106 1021 et
2132 983 2261 1038 quae
2287 961 2589 1020 aestimatio
2616 963 2967 1020 decimarum
2994 975 3395 1039 separatarum,
3421 969 3578 1027 vide-

858 1054 987 1116 licet
1016 1057 1064 1115 si
1091 1079 1235 1133 quas
1263 1058 1526 1124 decimas,
1552 1057 1867 1133 pensiones,
1897 1058 1987 1116 vel
2015 1055 2158 1113 alios
2186 1065 2490 1131 proventus
2518 1054 2834 1131 percipiant
2857 1064 2913 1112 et
2940 1055 3184 1114 habeant
3211 1056 3272 1114 in
3300 1061 3581 1134 parochiis

859 1161 1138 1208 rectorum
1167 1151 1555 1213 ecclesiarum,
1566 1151 1699 1224 jure
1725 1148 1975 1225 speciali,
2001 1149 2120 1206 sive
2147 1147 2359 1221 aliquis
2386 1146 2618 1204 nomine
2645 1166 2843 1205 eorum
2868 1166 2961 1204 eas
2989 1157 3187 1205 teneat.
3270 1149 3581 1210 Praedictas

858 1238 1136 1316 siquidem
1158 1244 1343 1317 justas
1379 1241 1777 1300 aestimationes
1800 1241 1859 1299 in
1895 1241 2120 1317 scriptis
2149 1235 2388 1297 fideliter
2414 1239 2523 1296 sub
2551 1241 2719 1317 poenfi
2746 1237 3048 1305 antedicta,
3077 1239 3364 1317 redigatis,
3393 1254 3451 1301 et
3477 1263 3581 1320 per

856 1333 1079 1392 literam
1108 1347 1391 1412 patentem
1420 1334 1600 1412 signis
1628 1334 1826 1393 vestris
1854 1335 2142 1410 sig-natam
2171 1331 2335 1392 nobis
2363 1333 2568 1390 habere
2596 1331 2828 1398 faciatis,
2856 1331 2928 1388 ad
2966 1331 3276 1389 terminum
3303 1343 3360 1390 et
3385 1334 3577 1392 locum

858 1427 1019 1484 vobis
1063 1426 1211 1485 infra
1254 1427 1641 1505 praefigendos.
1725 1428 1887 1484 Bona
1925 1438 2121 1484 autem
2160 1424 2573 1501 religiosorum,
2601 1443 2731 1499 quae
2765 1443 2881 1482 non
2909 1423 3195 1506 pertinent
3221 1423 3293 1480 ad
3320 1424 3581 1483 ecclesias

856 1518 937 1575 eis
964 1520 1370 1596 appropriatas,
1387 1540 1489 1577 nec
1518 1529 1651 1577 sunt
1679 1518 1914 1577 decimae
1944 1526 2233 1594 separatae,
2249 1536 2352 1593 per
2373 1516 2525 1593 ipsos
2546 1516 2844 1592 religiosos
2870 1515 3233 1580 taxabuntur,
3255 1515 3305 1572 si
3330 1514 3578 1584 abbatia,

855 1610 944 1666 vel
972 1611 1136 1677 cella,
1163 1630 1264 1668 seu
1299 1612 1603 1688 prioratuS,
1630 1612 1702 1669 ad
1729 1631 1872 1686 quos
1900 1610 2224 1683 hujusmodi
2251 1610 2401 1667 bona
2426 1609 2730 1686 pertinent,
2758 1608 2818 1666 in
2846 1618 3031 1666 vestro
3058 1606 3273 1665 suerint
3296 1609 3576 1666 bunnam.

858 1700 918 1757 Si
956 1697 1090 1759 vero
1131 1701 1190 1759 in
1227 1715 1412 1762 vestro
1443 1708 1711 1764 betanatu
1739 1724 1856 1762 non
1884 1703 2147 1769 existant,
2175 1703 2326 1760 bona
2352 1702 2605 1778 ipsorum
2637 1721 2739 1778 per
2769 1721 2868 1759 vos
2895 1700 3258 1765 taxabuntur,
3284 1710 3342 1756 et
3381 1719 3577 1758 eorum

855 1792 1195 1852 taxationem
1242 1795 1408 1853 nobis
1452 1790 1702 1854 dilucide
1745 1804 1802 1852 et
1850 1789 2041 1871 aperte
2087 1794 2149 1850 in
2197 1793 2422 1869 scriptis
2461 1794 2667 1851 habere
2714 1792 2945 1850 faciatis.
3028 1791 3252 1848 Damus
3293 1791 3578 1866 siquidem

856 1883 1016 1940 vobis
1060 1885 1326 1944 omnibus
1368 1899 1423 1945 et
1466 1887 1710 1964 sing-ulis
1754 1886 1983 1963 plenam
2031 1896 2358 1961 potestatem
2406 1882 2781 1959 compellendi
2824 1882 2898 1939 ad
2934 1881 3247 1956 jurandum
3288 1901 3483 1940 omnes
3524 1896 3579 1942 et

856 1974 1115 2050 sing-ulos
1162 1977 1232 2035 de
1276 1980 1539 2038 utranam
1583 1988 1786 2045 vestro,
1836 1997 1940 2054 pro
1983 1976 2219 2035 veritate
2261 1976 2420 2034 vobis
2465 1975 2530 2033 in
2575 1976 2680 2033 hac
2728 1986 2888 2053 parte
2943 1973 3369 2040 manifestanda,
3411 1970 3577 2052 proiit

855 2067 1060 2124 melius
1089 2068 1342 2128 videritis
1369 2071 1666 2148 expedire:
1707 2069 2148 2128 contradictores
2177 2080 2232 2127 et
2262 2069 2518 2136 rebelles,
2546 2068 2596 2126 si
2630 2087 2772 2143 quos
2812 2068 2874 2125 in
2916 2066 3101 2125 officio
3128 2077 3317 2123 vestro
3345 2064 3575 2125 invene-

857 2157 994 2225 ritis,
1040 2179 1140 2236 per
1186 2161 1473 2222 interdicti
1514 2174 1613 2222 aut
1655 2160 2255 2221 excommunicationis
2299 2160 2616 2227 sententias,
2645 2162 2837 2217 nostra
2877 2158 3004 2216 freti
3044 2156 3394 2224 auctoritate,
3421 2178 3575 2215 coma

853 2252 1144 2324 pescendo.
1225 2255 1600 2313 Consulimus
1627 2254 1862 2329 insuper
1888 2252 1963 2309 ad
1989 2262 2233 2310 vestram
2262 2254 2502 2309 salutem
2526 2262 2584 2310 et
2604 2271 2965 2310 communem
2989 2249 3400 2317 liberationem,
3417 2245 3574 2324 quod

850 2340 910 2397 in
952 2344 1333 2404 taxationibus
1373 2346 1647 2405 faciendis
1687 2345 1767 2403 sic
1807 2345 2116 2421 diligentes
2158 2363 2223 2401 ac
2253 2363 2479 2401 veraces
2508 2342 2889 2401 sollicitudine
2917 2351 2972 2400 et
3001 2341 3148 2398 facto
3176 2359 3277 2398 vos
3304 2341 3572 2409 habeatis,

849 2453 962 2490 non
1007 2435 1361 2494 obstantibus
1402 2437 1695 2513 aliquibus
1739 2436 2129 2495 taxationibus
2175 2434 2516 2511 praehabitis,
2544 2455 2614 2492 ne
2650 2455 2719 2492 ex
2753 2443 2880 2510 post
2908 2432 3057 2490 facto
3084 2442 3265 2490 vestra
3291 2433 3395 2490 alii
3423 2435 3573 2491 facta

847 2536 902 2583 et
928 2525 1080 2584 dicta
1106 2539 1438 2596 scrutantes,
1467 2549 1567 2588 vos
1595 2528 1887 2587 inveniant
1913 2524 1954 2585 a.
1979 2528 2072 2586 via
2101 2528 2356 2586 veritatis
2384 2521 2674 2584 manifeste
2701 2525 3030 2591 declinasse,
3058 2535 3114 2582 et
3141 2523 3204 2582 in
3230 2527 3570 2585 sententiam

846 2708 908 2764 in
951 2709 1101 2768 dicta
1143 2710 1362 2769 decima
1408 2712 1802 2778 subtrahenda,
1843 2712 1934 2770 vel
1979 2731 2097 2769 non
2138 2711 2422 2777 solvenda,
2464 2710 2725 2767 fraudem
2767 2708 3166 2774 commiserint,
3210 2710 3570 2785 promulgari

847 2799 1238 2860 demandatur.
1322 2804 1609 2861 Volumus
1636 2803 1826 2870 etiam,
1857 2801 1905 2859 si
1929 2803 2148 2876 justum
2181 2801 2339 2860 vobis
2366 2802 2553 2860 visum
2582 2802 2775 2869 suerit,
2800 2796 2954 2876 quod
2978 2801 3376 2877 unusquisque
3398 2806 3567 2877 cujus

846 2891 1083 2948 ecclesia
1125 2904 1353 2951 tenetur
1394 2896 1462 2952 ad
1509 2896 1749 2960 firmam,
1779 2896 1951 2969 juxta
1998 2894 2372 2969 quantitatem
2414 2896 2594 2952 firmae
2636 2913 2812 2969 quam
2868 2893 3082 2969 recipit,
3125 2894 3458 2969 respondeat
3497 2897 3567 2954 de

846 2981 1081 3049 decima,
1107 2985 1246 3043 dum
1288 2989 1394 3044 suti
1424 2988 1714 3045 voluntate
1752 2999 1809 3044 et
1841 2987 2131 3044 communi
2160 2986 2421 3064 pactione
2449 2985 2574 3061 ipsa
2600 2987 2762 3043 firma
2793 2985 3037 3044 durabit.
3118 2985 3243 3042 Hoc
3286 2984 3567 3060 siquidem

847 3075 1093 3133 officium
1135 3076 1296 3135 vobis
1336 3078 1398 3136 in
1442 3078 1773 3137 remissione
1813 3090 2173 3155 peccatorum
2214 3077 2585 3155 injungimus,
2613 3077 2981 3137 concedentes
3023 3077 3184 3135 vobis
3233 3078 3570 3137 auctoritate

845 3168 990 3225 sedis
1031 3170 1372 3245 apostolicae,
1402 3180 1469 3228 ut
1509 3171 1869 3230 relaxationis
1909 3170 2149 3228 indultae
2188 3171 2451 3228 omnibus
2490 3181 2653 3228 terrae
2693 3181 2901 3227 sanctae
2931 3168 3397 3226 subvenientibus
3438 3189 3565 3245 par-

845 3257 1046 3335 ticipes
1094 3262 1419 3321 efficiamini
1463 3264 1526 3321 in
1565 3263 1832 3320 Domina
1913 3263 2221 3321 Praedictas
2266 3273 2457 3320 autem
2506 3260 2901 3319 aestimationes
2951 3261 3013 3318 in
3057 3258 3283 3335 scriptis
3323 3255 3567 3317 fideliter

845 3353 1093 3409 redactas
1120 3354 1285 3411 nobis
1314 3356 1404 3413 vel
1433 3366 1588 3414 certo
1615 3355 1828 3414 nuncio
1867 3366 2065 3414 nostro
2093 3354 2299 3432 sigillis
2327 3353 2525 3412 vestris
2552 3351 2805 3428 signatas
2833 3351 2935 3409 tali
2962 3351 3056 3408 die
3093 3352 3248 3428 apud
3277 3348 3569 3427 laichefild

843 3444 1047 3502 habere
1076 3445 1341 3505 faciatis¹.

1084 3537 1341 3595 Annales
1389 3540 1727 3597 Monasterii
1775 3539 2153 3597 Bur-lonensis
2194 3537 2267 3595 ab
2308 3556 2458 3594 anno
2486 3555 2611 3593 mv.
2654 3535 2726 3592 ad
2773 3555 2991 3592 annum
3018 3551 3296 3592 uocum.
3340 3533 3563 3591 Rerum

1165 3628 1553 3708 Anylicarum
1571 3630 1930 3707 Scriptorum
1953 3632 2234 3695 Veterum,
2251 3628 2414 3685 Tom.
2443 3648 2479 3685 1.
2509 3647 2601 3703 pp.
2624 3627 2758 3693 334,
2778 3631 2910 3684 335.
2946 3627 3193 3693 Ooeoniae,
3216 3645 3561 3684 mocnxxxlv.

909 3810 983 3869 (¹)
1017 3814 1109 3862 See
1133 3815 1233 3863 also
1256 3817 1343 3864 the
1368 3831 1505 3867 same
1529 3821 1706 3868 annals
1738 3820 1795 3868 of
1811 3822 1897 3869 the
1930 3834 2052 3883 year
2077 3820 2574 3869 mecam—Rostandi
2598 3820 2779 3868 Litora
2811 3819 2871 3866 de
2904 3818 3097 3878 negotio
3123 3818 3315 3875 Crucis,
3341 3819 3447 3881 (pp.
3463 3819 3553 3865 351

841 3888 1042 3948 —354.)
1075 3889 1172 3937 and
1208 3891 1295 3939 the
1318 3891 1542 3943 Articles
1578 3895 1637 3943 of
1651 3895 1957 3945 Instruction
1989 3900 2041 3944 to
2080 3896 2165 3945 the
2203 3900 2361 3949 'umus
2399 3894 2547 3953 turni,
2585 3895 2707 3944 with
2745 3895 2882 3944 their
2919 3893 3031 3942 four
3058 3894 3250 3958 jurates
3283 3893 3338 3942 in
3372 3892 3562 3958 [διψία

842 3965 1140 4024 assembled,
1164 3968 1309 4017 there
1334 3969 1486 4032 given
1511 3969 1566 4018 in
1590 3969 1698 4019 full.
1767 3971 1874 4020 The
1912 3975 2009 4021 two
2042 3972 2237 4036 closing
2267 3976 2406 4023 {tems
2428 3988 2511 4022 are
2534 3972 2694 4021 worth
2716 3969 3072 4035 transcription
3091 3970 3258 4019 :-the
3293 3970 3463 4018 others
3496 3969 3561 4018 do

842 4045 928 4087 not
951 4056 1072 4105 very
1096 4044 1380 4108 materially
1403 4045 1556 4095 differ
1579 4046 1709 4095 from
1732 4048 1872 4097 those
1897 4047 2099 4112 already
2122 4049 2439 4098 transcribed
2457 4070 2536 4097 z—

903 4120 1049 4180 Item,
1074 4118 1311 4183 hunnus,
1337 4137 1448 4170 cum
1477 4124 1827 4185 pradicatores
1859 4127 2128 4175 mittantur
2161 4128 2227 4174 ad
2252 4127 2644 4189 rra-dicandum,
2669 4127 2850 4175 eisdem
2883 4127 3100 4186 assistat,
3126 4131 3174 4173 et
3205 4125 3279 4173 eis
3311 4125 3560 4172 auxilium

835 4202 883 4243 et
906 4198 1165 4245 consilinm
1189 4200 1441 4260 impendat
1461 4207 1809 4263 opportunum.

902 4276 1047 4336 Hem>
1095 4276 1303 4327 Btmnus
1338 4278 1395 4324 in
1428 4278 1643 4339 singulis
1677 4276 1916 4344 capitulis
1952 4286 2000 4328 et
2033 4280 2244 4327 ecclesiis
2276 4278 2643 4341 parochialibus
2675 4279 2856 4341 exponi
2880 4279 3050 4338 saciat
3071 4276 3370 4343 frequenter
3392 4278 3560 4326 indul·

833 4352 1029 4410 yentt'as
1052 4367 1200 4401 cruce
1223 4354 1436 4415 siynacis
1469 4370 1501 4403 a
1535 4355 1728 4403 domino
1748 4356 1896 4419 Papa*
1921 4355 2161 4415 indultas,
2184 4356 2407 4404 videficet
2433 4357 2560 4404 idem
2579 4356 2900 4419 privileyium
2923 4364 2971 4406 ce
2992 4359 3186 4406 easdem
3220 4357 3557 4405 immunitates
