3882 5037
761 446 911 516 240
1542 438 2310 519 ἔρρειιῐιίπ.-Θοιιῐίιιειιιε1
2340 439 2707 507 worumnus.
3210 449 3399 522 [PART
3428 450 3478 505 I.

761 646 968 705 debent
994 646 1277 705 efficacius
1303 646 1377 703 ad
1403 647 1676 704 virtutem
1703 643 1934 721 populis
1961 643 2210 719 praebere
2237 646 2575 721 exemplum,
2600 646 2870 719 majorem
2899 647 3079 705 ruinae
3112 668 3305 706 ansam
3335 667 3476 723 prae·

761 737 947 796 beant.
1029 735 1235 814 Longe
1278 758 1412 797 vero
1454 738 1642 796 absint
1683 757 1877 795 omnes
1915 737 2182 811 crapulas,
2224 747 2282 794 et
2334 737 2649 804 ebrietateS,
2696 738 3013 804 discordias,
3057 740 3478 809 contentionem

760 829 905 887 inter
931 830 1349 889 convivandum
1377 830 1450 888 sit
1480 849 1630 887 unus
1656 848 1878 905 semper
1905 829 2098 893 lector,
2125 828 2224 902 qui
2255 840 2374 888 toto
2410 830 2650 905 prandio
2690 830 2897 887 selecta
2936 830 3157 905 aliquot
3195 851 3266 889 ex
3306 832 3479 889 sacris

761 921 945 979 literis
971 922 1175 999 capita,
1202 923 1335 988 alta,
1363 933 1420 980 et
1448 921 1803 997 intelligibili
1833 939 1971 978 voce
2000 919 2171 994 legat,
2197 941 2367 996 quem
2393 941 2559 980 nemo
2587 922 2945 981 interturbet.

843 1032 956 1070 x1x.
998 1013 1281 1070 Omnibus
1321 1010 1515 1072 exacte
1556 1012 1937 1078 consideratis,
1967 1012 2356 1088 absolutisque
2385 1013 2667 1080 omnibuS,
2694 1013 2944 1071 dimittat
2971 1034 3168 1072 omnes
3207 1016 3481 1091 parochos

759 1103 822 1161 in
865 1124 1001 1180 pace
1043 1102 1515 1180 attbipttsbmtt:
1569 1124 1756 1180 neque
1797 1104 2064 1179 cuiquam
2120 1115 2252 1163 ante
2295 1104 2682 1164 dimissionem
2726 1105 2879 1163 exire
2927 1107 3107 1164 liceat.
3205 1107 3377 1174 Data,
3421 1120 3480 1165 et

755 1200 982 1272 accepta
1040 1197 1286 1254 exeundi
1336 1197 1584 1263 licentia,
1632 1197 1893 1254 recedant
1943 1196 2335 1271 unusquisque
2378 1196 2441 1253 in
2488 1216 2620 1255 suas
2666 1198 2992 1273 parochias:
3063 1218 3349 1275 cauponas
3406 1220 3478 1258 ne

756 1286 983 1355 intrent,
1011 1309 1153 1347 neve
1182 1289 1246 1345 in
1273 1287 1346 1345 iis
1378 1288 1890 1364 compotationibus
1918 1298 2138 1345 vacent.

837 1399 926 1436 xx.
967 1380 1031 1437 Si
1058 1381 1187 1456 quis
1214 1391 1408 1438 autem
1436 1376 1580 1437 adeo
1608 1380 1698 1437 sui
1726 1381 1801 1437 sit
1827 1380 2145 1445 immemor,
2172 1389 2229 1435 et
2255 1378 2577 1455 negligens,
2595 1391 2662 1438 ut
2688 1379 3020 1447 inebrietur,
3042 1381 3235 1439 statim
3264 1384 3480 1441 mulcta

753 1469 947 1530 decem
996 1472 1316 1530 francorum
1358 1472 1690 1530 emendetur
1725 1472 1798 1529 ab
1846 1468 2316 1547 attbiptefibmtto
2354 1490 2458 1546 pro
2501 1476 2618 1530 una
2665 1472 2805 1539 vice,
2837 1475 2931 1531 vel
2984 1474 3255 1531 ulteriore
3304 1475 3476 1532 etiam

755 1566 923 1638 poena
953 1581 1059 1638 pro
1088 1562 1305 1621 ratione
1331 1563 1618 1634 scandali;
1656 1563 1818 1621 cedat
1846 1582 1980 1621 vero
2008 1582 2077 1619 ea
2105 1562 2318 1618 mulcta
2345 1558 2817 1638 attbiptaesbyttto
2860 1583 2965 1639 pro
3006 1565 3174 1623 tertia
3215 1579 3389 1641 parte,
3420 1577 3478 1624 et

756 1654 1107 1729 procuratori
1138 1674 1242 1730 pro
1274 1653 1511 1728 reliquis
1535 1653 1597 1710 in
1624 1673 1793 1710 usum
1824 1649 2056 1716 tttlaesiae
2087 1648 2430 1729 capitularis.

834 1766 949 1803 xxx.
989 1747 1189 1805 Novos
1217 1747 1495 1822 parochos
1534 1767 1607 1804 ne
1648 1747 1972 1821 sumptibus
2015 1755 2285 1821 gravent:
2327 1765 2467 1803 neve
2494 1746 2567 1803 ab
2595 1746 2667 1804 iis
2693 1746 2755 1804 in
2784 1746 3046 1824 ingraesu
3071 1747 3290 1822 aliquid
3321 1750 3477 1806 ultra

752 1837 942 1896 decem
969 1838 1190 1895 francos
1217 1839 1450 1915 exigant
1480 1835 1828 1913 capitulares,
1859 1837 1964 1895 ubi
1991 1838 2259 1895 hactenus
2300 1838 2596 1896 consuevit
2632 1840 2854 1915 aliquid
2893 1839 3086 1916 exigi:
3141 1840 3244 1898 ubi
3286 1851 3474 1898 tamen

753 1950 822 1988 ea
848 1932 1196 1989 consuetudo
1222 1951 1336 1989 non
1366 1931 1494 1997 fuit,
1523 1931 1669 1988 nihil
1697 1926 1930 1988 omnino
1959 1930 2237 2005 exigatur.

835 2042 973 2079 xxn.
1013 2023 1168 2087 Quas
1208 2042 1277 2080 ex
1321 2022 1558 2097 antiqua
1598 2021 2008 2079 consuetudine
2032 2020 2256 2078 solvent
2284 2020 2343 2078 in
2373 2020 2631 2097 ingressu
2661 2023 2893 2097 parochi
2921 2021 3205 2099 pecunias,
3233 2022 3295 2080 in
3322 2044 3474 2082 com-

754 2134 985 2172 munem
1017 2134 1188 2171 usum
1230 2113 1464 2189 recipiat
1504 2125 1834 2189 procurator
1863 2107 2126 2188 capituli:
2167 2130 2475 2186 earumque
2517 2112 2793 2170 rationem
2834 2134 3022 2172 coram
3063 2115 3344 2183 omnibus,
3374 2118 3476 2191 qui

754 2207 1022 2265 interesse
1064 2205 1365 2272 voluerint,
1394 2205 1620 2262 reddat:
1674 2205 2032 2280 viderintque
2075 2201 2546 2279 archipresbyteri,
2568 2224 2640 2262 ne
2669 2205 2970 2281 superfluis
2997 2207 3317 2282 sumptibus
3343 2228 3474 2268 con·

754 2309 1000 2367 sumant,
1028 2298 1178 2372 quod
1210 2316 1314 2373 pro
1340 2296 1769 2355 necessitatibus
1800 2306 2144 2354 reservatum
2175 2295 2439 2371 oportuit.

835 2413 1000 2451 xxm.
1043 2393 1115 2449 In
1156 2390 1423 2457 ecclesiis,
1450 2391 1523 2447 ad
1563 2409 1705 2464 quas
1744 2408 1814 2445 ex
1856 2388 2093 2462 antiquo
2129 2387 2431 2445 convenire
2459 2389 2642 2444 solent
2668 2389 2903 2463 parochi
2928 2389 3264 2448 celebraturi
3305 2411 3476 2448 suum

754 2484 1061 2563 capitulum
1101 2482 1303 2551 turult,
1331 2504 1367 2540 a
1405 2482 1788 2549 collatoribus,
1817 2479 2078 2547 scabinis,
2107 2481 2199 2538 vel
2242 2478 2596 2556 parochianis
2634 2490 2717 2537 tot
2744 2480 2949 2539 altaria
2978 2477 3240 2540 decenter
3269 2481 3474 2540 instru-

751 2590 938 2647 antur,
965 2590 1157 2652 totque
1185 2596 1355 2633 sacrae
1383 2585 1581 2641 vestes,
1596 2585 1654 2631 et
1681 2583 2015 2631 ornamenta
2046 2571 2230 2629 missae
2256 2571 2570 2629 necessaria
2596 2582 2885 2646 parentur,
2906 2583 2973 2629 ut
2999 2573 3215 2649 singuli
3242 2574 3476 2649 parochi

754 2671 981 2728 missam
1010 2670 1194 2727 dicere
1223 2668 1469 2743 possintt
1511 2668 1635 2734 hoc,
1665 2665 1778 2722 nisi
1806 2665 2017 2722 factum
2044 2662 2232 2731 fuerit,
2254 2663 2498 2721 liberum
2524 2662 2599 2719 sit
2625 2660 3110 2739 attbipttsbmtto,
3133 2676 3189 2722 et
3219 2666 3475 2740 parochis

753 2762 925 2818 aliam
951 2759 1244 2818 ecclesiam
1273 2759 1384 2816 sibi
1410 2754 1553 2816 bene
1582 2757 1762 2815 visam
1792 2754 2149 2814 commodam
2178 2756 2407 2831 eligere,
2433 2765 2489 2812 et
2514 2755 2587 2813 ad
2612 2775 2737 2813 eam
2765 2755 3079 2830 convenire.

835 2961 987 2999 xxlv.
1027 2940 1328 2999 Proemissa
1370 2940 1540 2998 missa
1580 2940 1649 2996 de
1690 2937 1911 3012 Spiritu
1954 2937 2180 3002 Sancm,
2223 2936 2337 2992 Dei
2391 2937 2652 2995 timorem
2697 2956 2815 3012 prae
2862 2938 3043 2995 oculis
3096 2938 3363 2996 habentes
3402 2958 3471 2995 ex

754 3033 1013 3109 parochis
1053 3053 1186 3090 eum
1227 3033 1443 3109 eligant
1483 3033 1542 3091 in
1585 3027 2141 3105 attbipttssbmttum,
2169 3028 2289 3102 qui,
2316 3039 2373 3085 et
2400 3029 2532 3086 vitae
2574 3029 2871 3105 probitate,
2898 3042 2956 3088 et
2982 3029 3221 3088 scientia
3259 3030 3474 3086 caeteris

754 3127 1058 3202 praelucere
1100 3124 1294 3200 possit,
1336 3124 1551 3199 quique
1592 3142 1816 3181 morum
1859 3121 2154 3198 gravitate,
2199 3139 2472 3188 sermone,
2516 3132 2574 3178 et
2621 3121 3104 3179 exhortationibus
3143 3133 3368 3179 caeteros
3407 3121 3471 3179 in

753 3217 937 3276 officio
1003 3217 1289 3275 continere
1344 3217 1537 3292 possit.
1647 3215 1803 3273 Illud
1856 3225 2052 3272 autem
2107 3212 2351 3271 maxime
2414 3227 2662 3280 caveant,
2722 3233 2795 3270 ne
2861 3233 3034 3289 quem
3100 3212 3472 3290 impudicitias

752 3320 1076 3386 suspectum
1104 3320 1406 3367 assumant.

834 3422 962 3459 xxv.
1004 3401 1356 3459 Electionem
1400 3401 1606 3459 factam
1635 3398 2075 3465 archidiaconis,
2116 3408 2185 3454 ut
2224 3395 2396 3455 moris
2436 3407 2537 3463 est,
2577 3407 2994 3472 repraesentent,
3037 3409 3093 3455 et
3134 3416 3471 3473 personam;

752 3514 867 3569 quo
896 3494 967 3550 ab
994 3493 1065 3550 iis
1085 3493 1252 3565 juxta
1278 3513 1460 3550 sacras
1501 3492 1931 3551 constitutiones
1972 3490 2247 3548 discussio
2287 3487 2552 3565 diligens,
2578 3499 2635 3546 et
2674 3500 2873 3546 exacta
2900 3507 3072 3563 super
3112 3490 3384 3558 moribus,
3413 3501 3471 3547 et

751 3584 1007 3642 doctrina
1032 3583 1213 3650 electi,
1239 3585 1364 3641 fieri
1392 3585 1584 3659 possit.

831 3695 990 3735 xxvl.
1031 3671 1522 3750 fittbipwsbyttto
1565 3675 1911 3741 confirmato,
1954 3685 2023 3730 ut
2065 3693 2166 3749 par
2213 3683 2316 3739 est,
2362 3671 2590 3748 parochi
2630 3672 2925 3731 obedient:
2978 3671 3117 3731 alias
3156 3673 3473 3751 castigandi

752 3785 856 3842 pro
885 3766 1102 3824 meritis
1129 3767 1201 3824 ab
1228 3765 1562 3825 officialibus
1591 3765 1815 3823 nostris.

2321 3857 2439 3914 CC.
2468 3857 2813 3926 Germaniae,
2841 3859 3008 3917 Tom.
3025 3879 3153 3918 vm.
3183 3879 3237 3936 p.
3255 3862 3388 3916 969.

1994 4064 2281 4078 u—
