3882 5037
356 481 500 538 Sam.
519 478 716 551 VIIL]
1142 476 1785 553 &amana—Bimae
1812 478 1872 538 of
1897 477 2235 554 &matuta
2900 480 3050 551 313

430 698 523 737 vn.
562 680 707 736 Cum
739 677 1046 754 contigerit
1091 679 1343 753 aliquem
1389 699 1459 737 ex
1505 679 1782 756 parochis,
1830 678 2061 745 curatis,
2109 689 2210 737 aut
2255 678 2712 755 cooperatoribus
2758 689 3050 754 aegrotare,

356 768 525 829 ultani
551 781 632 828 est
658 771 902 828 eundem
929 769 1188 836 invisere,
1214 791 1451 845 eamque
1477 770 1923 828 sollicitudinem
1954 770 2234 836 adhibere,
2263 790 2335 827 ne
2359 769 2669 843 quicquam
2697 768 2788 827 illi
2814 769 2957 827 desit
2981 789 3049 828 ex

358 864 438 926 iis,
460 883 580 937 quae
604 862 679 920 ad
703 860 912 918 animae
938 880 1041 918 seu
1068 860 1321 936 corporis
1359 881 1553 919 curam
1594 871 1867 937 spectant.
1951 860 2015 918 Si
2054 880 2251 918 eorum
2290 860 2579 935 quispiam
2615 859 2834 927 obierit,
2864 881 3052 918 rerum

358 955 663 1012 relictarum
691 970 793 1028 per
819 971 895 1018 se,
918 953 1007 1010 vel
1037 951 1428 1018 camerarium,
1450 962 1552 1010 aut
1579 971 1763 1009 unum
1783 972 1851 1009 ex
1878 951 2160 1027 deputatis
2182 951 2524 1027 pastoribus,
2543 949 2812 1022 adjuncto
2831 951 3053 1010 notario

356 1046 426 1115 (si
450 1045 636 1102 haberi
663 1043 870 1119 possit)
900 1053 955 1100 et
983 1042 1169 1100 tribus
1210 1042 1450 1100 testibus
1489 1042 1876 1101 inventarium
1914 1042 2192 1108 conficiet,
2221 1060 2427 1115 easque
2469 1039 2810 1117 obsignabit,
2837 1052 2903 1098 ut
2943 1042 3053 1119 piis

353 1137 560 1211 legatis»,
587 1146 644 1193 et
670 1133 804 1191 aliis
833 1133 1198 1191 creditoribus
1227 1132 1297 1190 de
1324 1132 1609 1191 solutione
1634 1132 1957 1191 debitorum
1984 1143 2217 1190 cautum
2258 1133 2349 1198 sit,
2374 1143 2547 1206 atque
2587 1133 2780 1190 omnia
2816 1134 3055 1209 registra

355 1238 407 1284 et
432 1235 790 1285 monumenta
815 1224 1066 1282 ecclesiae
1092 1225 1186 1284 vel
1216 1224 1533 1299 pastoratus
1553 1225 1616 1281 in
1633 1243 1776 1281 usus
1803 1224 2114 1282 eorundem
2142 1234 2561 1290 conserventur,
2583 1243 2685 1281 nec
2712 1224 2775 1281 in
2802 1225 3053 1283 aliorum

356 1319 605 1376 manibus
630 1318 1049 1391 relinquantur,
1079 1314 1254 1373 etiam
1280 1315 1389 1372 sub
1422 1327 1713 1390 praetextu,
1743 1315 1900 1390 quod
1929 1315 2003 1372 iis
2029 1315 2103 1373 ad
2129 1314 2516 1372 executionem
2543 1316 2861 1374 testamenti
2903 1316 3052 1374 indi-

355 1423 555 1487 geatur,
582 1409 797 1485 quibus
826 1417 1014 1464 tamen
1043 1425 1148 1482 pro
1174 1405 1504 1463 necessitate
1532 1406 1698 1482 copia
1722 1404 1971 1463 dabitur.

426 1517 545 1558 vm.
586 1502 729 1566 Quae
755 1509 947 1556 autem
967 1493 1152 1557 uetant
1180 1496 1244 1554 in
1271 1493 1534 1572 tapetum
1562 1515 1629 1553 ac
1655 1494 2081 1554 visitationibus
2106 1493 2414 1569 quotannis
2440 1493 2690 1564 fecerint,
2712 1499 3054 1568 curaverint,

355 1591 728 1668 cognoverint,
744 1609 812 1647 ea
832 1589 1025 1648 omnia
1053 1607 1153 1665 per
1177 1589 1549 1646 camerarium
1569 1587 1780 1664 scripto
1801 1585 2292 1662 comprehendant,
2310 1596 2377 1643 ut
2402 1587 2662 1661 requisiti
2689 1589 3055 1665 diligentiam

355 1701 509 1738 suam
533 1678 898 1756 comprobare
925 1678 1177 1755 possint:
1218 1678 1308 1736 bis
1334 1674 1468 1738 vero
1495 1677 1750 1754 singulis
1772 1678 1959 1744 annis,
1991 1676 2209 1734 scilicet
2246 1687 2378 1735 ante
2417 1679 2968 1755 quadragesimalem
3000 1695 3058 1742 et

354 1774 733 1831 autumnalem
760 1770 1058 1848 synodum,
1089 1770 1343 1827 muneris
1369 1769 1464 1827 sui
1492 1769 1787 1835 rationem,
1813 1769 1905 1826 vel
1934 1786 2140 1834 coram,
2169 1769 2261 1827 vel
2291 1768 2502 1844 scripto
2527 1770 2710 1838 nobis,
2732 1783 2835 1828 aut
2861 1785 3055 1833 nostro

354 1864 411 1921 in
436 1863 832 1940 spiritualibus
859 1860 1073 1918 vicario
1099 1859 1328 1927 faciant,
1357 1872 1413 1918 et
1433 1880 1564 1935 quae
1589 1859 1731 1936 ipsis
1759 1858 2202 1924 mandabuntur,
2230 1859 2442 1917 caeteris
2471 1863 2790 1936 pastoribus
2829 1875 2885 1922 et
2921 1866 3053 1923 sub-

355 1955 479 2013 ditis
503 1954 708 2013 nostris
737 1946 1066 2027 tempestive
1105 1971 1170 2009 ac
1214 1947 1433 2009 mature
1472 1951 1879 2020 insinuabunt;
1919 1950 1984 2009 in
2015 1951 2370 2026 negligentes
2398 1952 2718 2026 privatione
2743 1956 3053 2024 bennatus,

351 2058 447 2104 aut
468 2047 597 2106 aliis
627 2046 811 2123 poenis
836 2043 1368 2102 animadvertemus.

1005 2194 1323 2252 VIL—Da
1350 2196 1937 2254 Cononmummsus
1966 2197 2395 2253 CAm‘rummm.

429 2322 463 2360 1.
493 2306 1008 2363 Cenoma-rmum
1051 2300 1383 2380 capitulares
1426 2303 1590 2362 annis
1629 2302 1876 2379 singulis
1917 2302 2009 2359 bis
2048 2302 2376 2368 habeantur,
2419 2311 2551 2359 ante
2596 2302 2874 2376 synodum
2913 2322 3055 2376 qua-

355 2393 774 2470 dragesimalem
819 2406 876 2455 et
922 2397 1334 2461 autumnalem,
1375 2394 1466 2453 die
1506 2394 1704 2470 aliqua
1744 2390 1982 2452 minime
2020 2394 2305 2470 impedita.
2406 2393 2758 2451 Convenient
2804 2387 2938 2450 vero
2982 2393 3054 2449 ad

357 2487 663 2547 citationem
690 2486 878 2549 butant
905 2507 1101 2547 omnes
1127 2488 1293 2547 istius
1321 2487 1613 2546 districtus
1642 2487 1891 2564 parochi,
1920 2487 2209 2554 sacellani,
2238 2496 2294 2545 et
2328 2485 2535 2553 clerici,
2565 2505 2631 2543 ac
2672 2485 2978 2560 regulares,
3007 2483 3056 2541 si

356 2579 449 2652 qui
472 2579 542 2636 ad
568 2601 764 2638 euram
790 2580 1113 2639 animarum
1140 2579 1374 2638 admissi
1402 2579 1644 2646 sunt,ad
1671 2581 1862 2638 locum
1889 2575 1927 2637 a
1952 2583 2149 2638 httano
2177 2578 2557 2654 designatum,
2572 2575 2678 2652 qui
2698 2578 2792 2634 vel
2821 2576 3059 2634 ecclesia

357 2671 466 2734 erit,
483 2673 572 2729 vel
598 2673 871 2739 sacristia,
893 2673 986 2730 vel
1016 2673 1221 2730 domus
1249 2672 1568 2749 pastoralis,
1595 2682 1699 2729 aut
1725 2671 1962 2729 alterius
1990 2670 2348 2728 ecclesiastici
2375 2670 2498 2728 viri.
2578 2667 2695 2734 Qui
2722 2669 2914 2726 adesse
2939 2688 3057 2725 non

358 2772 628 2836 poterunt,
652 2759 910 2838 legitime
938 2763 1212 2842 impediti,
1240 2764 1633 2823 excusationes
1674 2783 1805 2822 suas
1846 2774 1902 2821 et
1941 2782 2141 2820 causas
2183 2763 2393 2840 scripto
2419 2761 2723 2839 proferant,
2749 2761 2860 2819 sub
2887 2764 3059 2836 poena

357 2855 652 2912 arbitraria.

433 2965 489 3004 11.
530 2949 731 3024 Operae
757 2942 895 3006 voro
925 2948 1169 3024 pretium
1197 2958 1298 3014 est,
1323 2959 1390 3005 ut
1415 2948 1829 3013 convenientes,
1859 2957 2131 3022 tanquam
2158 2946 2232 3004 ad
2261 2967 2379 3004 rem
2407 2947 2613 3004 seriam
2641 2945 2934 3013 accessuri,
2959 2965 3062 3022 per

359 3036 749 3095 consessionem
777 3041 1238 3098 sacramentalem
1266 3040 1476 3116 expiati
1504 3061 1569 3097 ac
1598 3038 1913 3116 praeparati,
1932 3038 1992 3095 in
2021 3040 2145 3096 loco
2173 3035 2462 3113 capitulari
2484 3033 2663 3114 pridie
2683 3049 3059 3114 compareant,

360 3126 462 3184 nisi
488 3129 721 3203 quidam
751 3142 871 3187 tam
901 3126 1073 3208 prope
1104 3131 1373 3198 habitent,
1404 3143 1472 3189 ut
1500 3132 1694 3189 eodem
1723 3131 1815 3188 die
1843 3126 2172 3205 tempestive
2198 3130 2457 3188 accedere
2486 3128 2714 3205 possint.

437 3238 518 3276 111.
560 3222 918 3280 Camerarius
946 3223 1007 3280 id
1033 3224 1271 3290 curabit,
1288 3235 1371 3291 ut,
1387 3223 1491 3281 ubi
1518 3220 1822 3298 capitulum
1850 3222 2248 3287 celebrabitur,
2275 3221 2614 3280 adventibus
2642 3224 2964 3300 pastoribus
2991 3226 3059 3283 de

360 3309 603 3387 hospitiis
635 3314 897 3381 honestis,
926 3313 1180 3388 ipsorum
1211 3325 1400 3372 tamen
1429 3314 1771 3391 sumptibus,
1802 3313 2182 3390 provideatur.

436 3422 505 3460 xv.
545 3407 680 3481 Ipso
721 3406 815 3464 die
855 3404 1081 3481 tapttutt
1122 3408 1447 3465 celebrandi
1492 3428 1716 3465 sacrum
1745 3425 1847 3480 pro
1873 3404 2145 3462 fratribus
2172 3414 2228 3462 et
2254 3403 2720 3473 benefactoribus,
2751 3418 2866 3463 tam
2895 3407 3057 3474 vivis,

361 3514 517 3568 quam
555 3497 856 3566 defunctiS,
883 3509 939 3555 et
978 3500 1223 3556 alterum
1264 3499 1333 3556 de
1361 3500 1417 3555 S.
1440 3498 1662 3573 Spiritu
1702 3496 1776 3554 ab
1817 3497 1924 3563 his,
1953 3496 2057 3571 qui
2086 3490 2125 3552 ὲ
2148 3498 2345 3555 berane
2380 3496 2699 3572 proemoniti
2736 3509 2889 3564 sunt,
2920 3499 3058 3557 cele-

364 3585 616 3646 brabitur.

434 3696 482 3734 v.
522 3680 691 3738 Sacro
714 3680 890 3747 finito,
911 3682 1007 3738 fiat
1036 3700 1366 3757 progressus
1392 3684 1465 3740 ad
1492 3684 1686 3740 locum
1714 3678 1962 3755 capituli,
1979 3681 2082 3738 ubi
2109 3679 2377 3737 omnibus
2406 3679 2604 3738 ordine
2632 3681 3060 3740 considentibus

365 3778 645 3843 postquam
684 3772 921 3835 betanus
948 3773 1076 3847 (qui
1117 3785 1388 3848 tanquam
1427 3785 1599 3850 caput
1638 3773 2101 3850 congregationis
2140 3773 2505 3831 directionem
2532 3774 2822 3831 actionum
2850 3771 3059 3849 tupitu-

367 3853 551 3918 {attum
576 3861 772 3932 habet)
798 3862 1121 3920 absentium
1146 3864 1533 3922 excusationes
1559 3861 1859 3929 audiverit,
1887 3883 2082 3921 omnes
2108 3875 2469 3938 assurgentes
2495 3865 2557 3922 in
2584 3884 2774 3941 genua
2802 3885 3059 3942 procum-

365 3946 502 4016 bent,
527 3953 599 4009 ad
645 3952 955 4028 imaginem
998 3955 1274 4021 crucifixi,
1300 3976 1430 4031 quae
1475 3957 1537 4014 in
1587 3959 1782 4013 mensa
1827 3967 2085 4031 ponetur,
2113 3965 2234 4021 aut,
2275 3955 2324 4012 si
2367 3956 2428 4013 in
2473 3958 2708 4014 ecclesis
2747 3956 3063 4014 celebretur

367 4039 667 4113 tumulum,
689 4043 763 4100 ad
782 4044 961 4102 altare
975 4047 1244 4111 conversi,
1260 4041 1581 4104 alternatim
1605 4046 1922 4104 recitabunt
1941 4048 2239 4124 hymnum,
2263 4049 2399 4104 Veni
2425 4049 2662 4106 Creator
2677 4048 2944 4121 Spiritus,
2962 4049 3060 4104 διο.

367 4131 546 4190 bnans
573 4135 866 4192 collectam
893 4135 962 4193 de
991 4135 1045 4191 S.
1063 4136 1296 4212 Spiritu,
1326 4149 1381 4194 et
1408 4156 1512 4214 pro
1540 4138 1801 4196 Romano
1828 4139 2090 4215 episcopo
2118 4139 2515 4214 subjungente.

441 4239 513 4278 v1.
554 4224 645 4281 Ad
684 4226 786 4282 has
826 4227 1297 4303 congregationes
1336 4225 1669 4302 tupitulates
1695 4249 1879 4296 nemo,
1903 4230 2027 4306 ⁴sive
2055 4230 2312 4296 clericus,
2340 4229 2449 4286 nisi
2477 4229 2547 4286 de
2573 4227 2790 4303 gremio
2817 4223 3060 4303 capituli,

368 4328 464 4367 nec
488 4314 767 4390 quispiam
795 4318 997 4386 lai'cus,
1027 4319 1135 4375 sub
1162 4338 1508 4394 quocunque
1534 4321 1706 4378 etiam
1735 4331 2027 4395 praetextu,
2056 4319 2296 4386 accedet,
2325 4331 2424 4377 aut
2451 4319 2798 4378 admittetur.
