3882 5037
337 487 491 543 εισι.
515 483 618 556 Χ.]
1345 476 1586 543 ”tome
1613 476 1673 537 of
1697 473 2049 545 thtbtstet.
2912 488 3061 560 389

336 685 442 741 hoc
460 705 564 760 per
589 703 688 741 vos
717 680 1010 739 statuend'.
1042 698 1176 736 cum
1196 679 1547 754 processione
1574 678 1852 753 solempni
1876 681 1929 734 et
1955 675 2166 744 devota,
2184 677 2365 752 juxta
2385 680 2585 739 datam
2614 684 2762 740 vobis
2778 688 3057 761 qratiam.

336 777 570 853 sinyulis
605 775 784 833 annis
818 767 1111 829 humiliter
1144 771 1383 827 visitetis.
1471 769 1566 826 Ad
1597 767 1774 841 liujus
1810 775 2011 827 autem
2051 771 2459 846 solempnitatis
2496 774 2835 831 devotionem
2863 779 3058 836 sedula

337 885 428 923 vos
461 868 695 923 intentio
735 864 999 927 sollicitet,
1027 867 1094 918 ut
1133 867 1261 917 tam
1299 860 1467 926 vobis,
1510 878 1688 933 quam
1730 862 1940 919 credito
1981 862 2128 919 vobis
2160 864 2340 938 yreyi,
2376 866 2687 938 praemium
2723 867 2963 939 proinde
2988 889 3057 927 ex

335 958 447 1013 alto
483 957 805 1032 proveniat,
845 959 1142 1027 vestraque
1180 952 1478 1026 diliyentia
1518 952 1777 1009 uberibus
1822 954 1888 1009 in
1930 954 2180 1011 Domino
2229 954 2491 1012 laudibus
2533 974 2591 1011 se
2634 956 2846 1030 offerat
2889 962 3053 1018 attol-

332 1049 577 1107 leudam.

411 1139 635 1195 Dat-um
692 1136 858 1211 apud
909 1135 1200 1201 Lambini,
1254 1140 1461 1208 quarto
1511 1135 1687 1191 Non'.
1733 1135 1918 1203 Junii,
1964 1136 2140 1193 Anno
2184 1137 2431 1194 Domini
2474 1138 2773 1197 Millesimo
2815 1142 3052 1201 cc⁰Lxx⁰.

331 1235 544 1295 octavo,
597 1228 1037 1285 consecrationis
1087 1232 1292 1285 nostra
1346 1232 1512 1283 sesto.
1610 1227 1710 1283 See
1766 1228 2038 1287 Gibson’s
2085 1229 2215 1286 Cod-
2245 1228 2461 1287 Ι.Ε.Α.
2493 1230 2816 1307 Appendix,
2844 1233 2971 1291 Vol.
2991 1256 3053 1294 ιι·

333 1338 385 1394 p.
407 1321 516 1377 1-14
525 1323 576 1376 7.

410 1413 536 1470 The
570 1412 753 1469 above
790 1409 1069 1466 Monition
1104 1408 1425 1486 appertains
1456 1408 1645 1465 rather
1671 1419 1730 1468 to
1758 1409 1852 1466 the
1880 1409 2101 1467 diocese
2131 1411 2200 1469 of
2215 1412 2571 1487 Canterbury
2599 1413 2734 1470 than
2762 1424 2822 1471 to
2851 1416 2968 1473 that
2994 1418 3063 1475 of

330 1500 991 1578 Chichester—Pagham
1030 1499 1207 1575 being
1244 1498 1428 1556 under
1463 1499 1558 1555 the
1596 1500 1848 1575 peculiar
1865 1501 2226 1574 jurisdiction
2255 1501 2322 1559 of
2339 1503 2431 1560 the
2458 1502 2794 1580 archbishop
2816 1505 2883 1562 of
2901 1506 3050 1563 Can-

333 1596 575 1672 terbury.
658 1592 793 1650 And
833 1594 928 1649 the
961 1611 1112 1648 same
1153 1601 1305 1647 must
1341 1590 1410 1647 be
1438 1590 1560 1646 said
1591 1591 1659 1648 of
1676 1591 1769 1649 the
1796 1591 2098 1667 following
2130 1594 2335 1651 Patent
2360 1592 2424 1651 of
2445 1594 2538 1650 the
2566 1592 2735 1655 Beati
2762 1597 2828 1654 of
2844 1598 3050 1655 South-

333 1687 599 1762 Malling,
641 1685 918 1760 Pagham,
956 1685 1068 1741 and
1109 1682 1368 1758 Terring.
1451 1682 1637 1739 These
1689 1680 1943 1746 beantits
1990 1705 2087 1742 are
2136 1694 2253 1752 not,
2296 1686 2512 1763 strictly
2554 1689 2849 1764 speaking,
2891 1688 3046 1749 tuta!

331 1775 597 1844 hauries,
640 1778 747 1834 but
788 1775 1044 1852 peculiar
1075 1774 1482 1849 jurisdictions,
1525 1773 1707 1832 under
1748 1772 1972 1834 betuna!
2012 1790 2404 1854 government,
2445 1779 2812 1838 subordinate
2854 1790 2913 1838 to
2954 1782 3047 1840 the

333 1869 681 1945 archbishop.

331 2015 459 2074 Tun
500 2034 947 2074 sunnnrrrrrous
988 2014 1224 2072 Pit-rem
1262 2033 1332 2071 or
1374 2015 1488 2071 Da.
1521 2014 1760 2080 BmoGS,
1794 2032 1859 2071 As
1901 2011 2071 2074 Bran
2110 2034 2178 2073 or
2219 2016 2732 2084 soum-Mintmo,
2774 2018 3044 2087 Paomis,

485 2126 603 2165 Am>
660 2108 950 2173 Tmuuno,
993 2107 1086 2176 (m
1142 2123 1258 2163 ‘rue
1309 2106 1549 2163 Coum-v
1588 2123 1656 2162 οι*
1697 2105 1907 2163 Susssx
1965 2125 2081 2163 Am>
2136 2108 2386 2164 Dmcnsn
2440 2125 2510 2163 οι·
2565 2110 3039 2180 Carenis-swa)—

487 2217 730 2256 suusscr
777 2216 850 2254 το
893 2216 1007 2255 ‘ran
1053 2215 1328 2254 pecuum
1373 2214 1770 2254 sumsmcrxon
1821 2215 1892 2254 or
1937 2217 2057 2255 τιιε
2098 2197 2472 2254 Ancnmsnor
2515 2215 2586 2255 or
2633 2200 3043 2258 CAN-manuam

484 2289 636 2347 A.D.
657 2307 900 2346 uncxcv.

406 2414 744 2472 THOMAS
782 2412 1139 2490 providentia
1179 2411 1374 2470 divina
1411 2410 1838 2469 cantuariensis
1882 2411 2197 2490 archie‘pus,
2230 2411 2407 2469 totius
2452 2413 2683 2490 Angliae
2727 2414 2940 2490 primas
2988 2426 3044 2472 et

331 2508 712 2582 metroponus,
752 2505 959 2564 dilecto
996 2504 1162 2563 nobis
1204 2504 1267 2562 in
1305 2501 1534 2562 Christo
1576 2502 1814 2559 Thomae
1859 2501 2076 2579 Briggs
2124 2503 2321 2579 leg-um
2364 2503 2595 2572 doctori,
2647 2506 2937 2564 reverendi
2980 2505 3042 2564 in

330 2597 554 2655 Christo
602 2597 780 2674 patris
826 2608 884 2654 et
931 2594 1171 2655 Domini
1216 2593 1453 2652 Domini
1497 2593 1737 2651 Roberti
1783 2592 2156 2671 permissione
2203 2593 2400 2652 divina
2449 2595 2741 2654 Cicestrefi
2790 2597 3043 2673 episcopi

330 2688 539 2747 vicario
567 2690 628 2747 in
656 2689 1051 2767 spiritualibus
1077 2686 1348 2764 generali,
1369 2685 1610 2743 salutem
1638 2696 1694 2742 et
1721 2684 1967 2761 gratiam
1994 2686 2065 2743 de
2093 2690 2196 2743 tufi
2223 2690 2361 2744 sana
2390 2686 2666 2753 doctrina,
2687 2688 3044 2747 conscientiae

331 2780 588 2853 puritate,
623 2780 910 2847 fidelitate,
949 2777 1466 2853 circumspectionis
1505 2777 1803 2842 industria,
1839 2788 1895 2834 et
1930 2776 2215 2852 provida
2200 2798 2264 2834 ιιι
2302 2778 2472 2835 rebus
2505 2762 2771 2854 gerendis
2802 2780 3043 2838 dexteri-

329 2879 455 2936 tate,
486 2872 804 2946 plurimum
833 2871 977 2937 freti,
1006 2881 1061 2928 te
1099 2872 1358 2929 veranum
1399 2879 1457 2925 et
1496 2866 1776 2925 comrium
1814 2866 1985 2925 nriim
2028 2868 2090 2954 {9
2130 2878 2186 2925 et
2227 2887 2331 2945 per
2363 2865 2670 2945 respective
2702 2872 2946 2931 betanat'
2972 2873 3042 2930 de

330 2960 766 3039 Southmalling,
792 2964 1065 3039 Pagham,
1091 2972 1147 3017 et
1174 2960 1439 3036 Terring,
1463 2970 1520 3016 et
1559 2960 1747 3017 eccliae
1787 2962 1910 3017 ιιῗω
1935 2960 2132 3017 Cathis
2171 2971 2227 3018 et
2269 2961 2614 3038 Metropocae
2642 2962 2852 3021 Christi
2879 2963 3045 3021 Cant'

323 3050 557 3123 J'urisnis
598 3053 878 3112 imediatae
919 3052 1272 3130 prefecimus,
1301 3049 1718 3118 constituimus,
1747 3061 1802 3109 et
1843 3050 2185 3128 deputamus
2215 3071 2316 3127 per
2344 3065 2659 3129 presentes3
2700 3054 2772 3110 ad
2800 3039 3045 3113 visitand

329 3143 505 3232 igiutr
548 3147 750 3203 ecclias
791 3156 847 3203 et
892 3145 1136 3221 capellas
1172 3163 1368 3202 omnes
1412 3154 1469 3200 et
1516 3142 1772 3218 singulas
1809 3143 2141 3216 clerumque
2178 3153 2235 3200 et
2271 3146 2554 3219 populum
2589 3164 2691 3233 per
2719 3147 3038 3204 betanatum

329 3239 460 3309 pred
496 3249 664 3323 prout
703 3238 777 3295 ab
816 3235 1056 3311 antiquo
1095 3233 1290 3291 usitat'
1331 3234 1521 3301 fuerit,
1552 3255 1617 3291 ac
1661 3234 2086 3308 procurationes
2122 3234 2340 3291 debitas
2370 3235 2681 3311 recipiend3
2721 3256 2939 3294 necnon
2967 3239 3039 3295 ad

325 3325 629 3401 inquirend
648 3349 750 3385 seu
777 3327 993 3403 inquiri
1033 3325 1258 3384 faciend
1281 3326 1350 3383 de
1376 3337 1432 3384 et
1461 3343 1569 3399 sup
1594 3343 2077 3401 quorumcunque
2107 3324 2321 3381 subdit'
2348 3326 2593 3385 betanat’
2622 3327 2760 3401 pred
2787 3326 3036 3385 crimini-

328 3415 447 3480 bus,
474 3420 813 3485 excessibus,
842 3429 900 3475 et
939 3417 1161 3475 delictis
1199 3401 1642 3492 quibuscunque
1683 3409 1951 3473 hactenus
1993 3416 2322 3481 commissis,
2354 3417 2444 3474 vel
2484 3417 2849 3500 imposterum
2890 3438 3038 3475 com-

330 3508 632 3576 mittendis,
657 3530 907 3585 quorum
934 3508 1203 3585 cogniti0,
1229 3509 1516 3574 correctio,
1543 3518 1599 3565 et
1641 3507 1867 3584 punitio
1907 3506 1979 3563 ad
2016 3527 2121 3565 nos
2157 3517 2214 3563 et
2262 3507 2452 3564 sorum
2501 3508 2777 3564 ecclicum
2815 3509 3040 3583 dejure

328 3600 415 3655 vel
441 3601 865 3667 consuetudine,
895 3612 996 3659 aut
1034 3603 1206 3675 hujus
1248 3601 1410 3677 regni
1451 3600 1680 3677 Angliae
1719 3599 1946 3675 legibus
1986 3610 2044 3657 et
2083 3600 2307 3658 statutis
2348 3600 2518 3670 (citra
2556 3612 2744 3658 tamen
2771 3601 3039 3660 offensam

326 3688 518 3765 legum
559 3705 618 3750 et
659 3703 998 3749 statutorum
1038 3693 1211 3766 hujus
1240 3693 1406 3776 regni
1433 3691 1687 3767 Angliae)
1727 3691 1978 3766 poterint
2020 3692 2317 3775 pertinere,
2346 3691 2619 3779 ipsosque
2654 3704 2712 3751 et
2748 3713 2815 3751 ea
2852 3691 3041 3753 debite

326 3781 606 3872 corigend
642 3784 899 3887 puniend
944 3795 1001 3841 et
1051 3784 1391 3849 reformand,
1438 3804 1505 3841 ac
1555 3782 1724 3840 etiam
1777 3782 1849 3839 ad
1898 3784 2250 3859 cognoscend
2305 3784 2623 3859 procedend
2676 3786 2938 3843 statuend
2985 3798 3042 3845 et

326 3855 608 3932 definiend
651 3875 713 3931 in
758 3877 1024 3934 omnibus
1070 3886 1127 3934 et
1110 3875 1414 3979 sing-ulis
1461 3873 1645 3932 causis
1681 3884 1738 3930 et
1773 3874 2023 3949 negotiJ‘s
2063 3874 2457 3934 ecclesiasticis
2495 3878 2937 3956 quibuscunque
2979 3880 3039 3938 in

326 3962 601 4023 dictorum
642 3966 889 4025 betanat'
921 3949 1235 4039 jurismbus
1277 3978 1391 4023 tam
1432 3985 1502 4023 ex
1544 3964 1728 4022 officio
1770 3985 1927 4023 mero
1969 3965 2148 4023 mixto
2175 3966 2266 4024 vel
2310 3979 2569 4042 promoto
2597 3990 2769 4044 quam
2797 3973 2869 4029 ad
2898 3992 3040 4046 qua-

328 4072 680 4134 rumcunque
720 4056 967 4135 partium
1007 4058 1305 4115 instantias
1346 4057 1465 4114 sive
1507 4055 1905 4133 promotiones,
1946 4054 2221 4115 hacteniis
2261 4060 2430 4117 motis
2471 4060 2746 4118 inchoatis
2774 4073 2831 4119 et
2858 4062 3042 4120 inten-

327 4145 457 4201 tatis
482 4160 581 4205 aut
605 4149 973 4225 imposterum
1000 4148 1297 4207 movendis
1324 4160 1380 4205 et
1407 4148 1772 4214 intentandis,
1793 4167 2001 4223 easque
2027 4160 2084 4206 et
2110 4168 2179 4205 ea
2205 4169 2338 4206 cum
2367 4149 2487 4207 suis
2515 4150 2745 4209 incidefi
2773 4157 3042 4227 emergen

325 4235 615 4312 dependen
658 4239 847 4298 anneii
882 4251 941 4299 et
981 4259 1198 4297 connex
1239 4239 1678 4314 quibuscunque
1717 4240 1968 4298 audiend
2008 4226 2335 4300 discutiend
2374 4262 2438 4299 ac
2479 4238 2758 4316 quateniis
2796 4243 2952 4316 leges
2988 4254 3045 4299 et

324 4336 535 4387 statuta
572 4332 744 4404 hujus
785 4332 950 4407 regni
991 4330 1220 4406 Angliae
1259 4331 1602 4407 permittant,
1631 4343 1687 4389 et
1726 4352 1843 4390 non
1882 4331 2048 4388 aliter
2077 4350 2262 4404 neque
2289 4332 2402 4389 alio
2431 4332 2632 4397 mod03
2672 4332 2814 4388 citra
2840 4342 3043 4388 tamen.
