3882 5037
492 499 652 555 Scor.
678 496 787 569 ΙΙ.]
1521 490 1765 558 Diome
1795 493 1854 554 of
1879 491 2180 569 ΕΕῑεβςῦίυ.
3055 498 3204 568 555

489 694 705 772 prefata
732 705 878 753 terra
899 693 969 749 de
993 693 1230 782 Kermyl
1262 693 1350 750 oio
1378 692 1609 750 desistat
1635 702 1804 767 prout
1830 691 1889 749 in
1916 691 2101 769 primo
2131 694 2395 751 mandato
2426 674 2548 754 Dni
2576 712 2721 769 pape
2746 692 3010 779 superius
3029 693 3209 751 conti-

491 800 662 845 netur
702 798 757 843 et
802 787 1001 873 quod
984 786 1105 842 eisd
1144 787 1341 844 betano
1383 795 1437 842 et
1479 777 1629 860 taplo
1671 794 1924 860 patentes
1964 784 2178 842 litteras
2219 786 2365 844 bone
2398 784 2668 843 memorie
2693 784 2859 842 Johis
2887 781 3074 860 Glasg
3101 780 3211 861 E'fii

489 899 663 956 super
688 877 936 936 collacoe
966 879 1091 935 dcte
1113 888 1258 934 terre
1279 876 1486 934 eisdem
1515 876 1658 932 sacta
1683 877 1967 934 confectas
1997 877 2070 934 ab
2098 878 2203 935 eod
2220 875 2341 954 Epo
2368 877 2576 950 injuste
2598 876 2848 934 detentas
2870 888 2936 932 ut
2956 888 3213 935 asserunt

491 970 754 1027 restituat
795 979 862 1026 ut
904 979 1146 1027 tenetur.
1229 969 1307 1026 Et
1353 967 1508 1043 quod
1555 968 1624 1025 de
1667 968 1937 1026 molestiis
1981 967 2245 1044 dampnis
2277 979 2336 1025 et
2368 967 2594 1042 injuriis
2634 967 2898 1044 irrogatis
2940 988 3042 1045 per
3076 989 3210 1026 eum

490 1061 636 1119 infra
666 1062 819 1119 diem
847 1062 983 1119 lune
1013 1061 1328 1137 proximam
1369 1069 1497 1134 post
1534 1058 1737 1116 festum
1768 1052 1862 1116 Sci
1891 1059 2159 1136 Dionysii
2189 1060 2357 1135 prox⁶
2385 1079 2625 1134 sequens
2653 1059 2963 1117 satisfaciat
2988 1079 3209 1137 compe-

489 1165 672 1212 tenter
697 1155 790 1212 vel
817 1166 1123 1229 componat
1159 1151 1537 1210 amicabiliter
1575 1171 1706 1209 cum
1749 1151 1977 1210 eisdem.
2059 1151 2337 1227 Alioquin
2368 1154 2544 1209 citetis
2571 1151 2809 1208 eandem
2831 1154 3209 1226 peremptorie

489 1250 640 1333 quod
679 1253 1010 1325 compareat
1051 1263 1249 1302 coram
1296 1244 1454 1301 nobis
1498 1245 1582 1301 vel
1629 1245 2031 1301 commissuras
2071 1241 2194 1300 'i'zris
2238 1263 2356 1302 uno
2393 1244 2480 1300 vel
2511 1244 2824 1319 pluribus
2808 1263 2868 1300 ιιι
2902 1243 3212 1319 parochiali

487 1318 680 1398 Ecclia
706 1340 777 1396 de
806 1338 1092 1415 Strivelyn
1119 1334 1220 1395 dea
1248 1337 1338 1394 die
1366 1337 1504 1394 lune
1532 1337 1693 1394 dictis
1720 1338 1915 1395 httano
1944 1347 2002 1393 et
2028 1331 2177 1413 ta‘sslo
2206 1355 2379 1413 super
2404 1335 2514 1393 sibi
2555 1334 2885 1411 oinciendis
2904 1336 3073 1407 juxta
3099 1336 3210 1393 for-

488 1452 643 1489 mam
684 1428 1017 1507 predc’orum
1064 1430 1460 1487 mandatorum
1487 1428 1830 1503 Aplicorum
1855 1446 2228 1532 responsurus
2258 1439 2313 1485 et
2332 1428 2451 1500 juri
2490 1428 2794 1504 pariturus.
2878 1426 3046 1484 Diem
3078 1448 3212 1486 vero

487 1523 770 1580 citationis
793 1527 965 1578 vestre
993 1525 1046 1578 et
1070 1516 1346 1594 formam
1388 1530 1444 1576 et
1483 1519 1625 1594 qnid
1667 1539 1840 1595 super
1875 1519 2162 1596 premissis
2204 1518 2447 1577 feceritis
2486 1518 2651 1577 nobis
2680 1520 2776 1576 vel
2816 1519 3212 1577 commissariis

486 1614 693 1671 nostris
721 1613 824 1670 uni
853 1614 943 1669 vel
971 1610 1236 1687 pluribus
1281 1630 1381 1686 per
1423 1610 1616 1668 literas
1643 1622 1856 1668 vestras
1899 1620 2152 1686 patentes
2190 1611 2392 1668 harum
2434 1610 2639 1667 seriam
2670 1608 3020 1667 continentes
3046 1610 3211 1669 dictis

486 1703 579 1761 die
606 1714 662 1761 et
689 1705 816 1761 loco
842 1700 1116 1759 studeatis
1144 1701 1387 1758 fideliter
1412 1700 1692 1759 intimare.
1774 1701 1996 1758 Datum
2028 1702 2184 1777 apud
2212 1701 2437 1778 Mothyl
2480 1701 2571 1758 die
2611 1700 2831 1758 veneris
2872 1702 3051 1775 prox'.
3079 1713 3210 1760 ante

485 1793 692 1851 festum
721 1793 757 1850 b
787 1794 1106 1868 Margarete
1123 1791 1381 1867 Virginis
1409 1791 1519 1848 An.
1541 1791 1665 1848 Dni
1692 1791 1974 1857 mcclxxv.
2047 1791 2240 1864 Hujus
2268 1810 2403 1880 ergo
2434 1791 2602 1849 vestri
2632 1803 2820 1866 patres
2841 1792 2988 1871 Eppi
3014 1805 3209 1851 aucto-

484 1884 650 1941 ritate
694 1883 944 1942 mandati
983 1882 1182 1939 monui
1227 1889 1281 1940 et
1326 1883 1529 1940 induxi
1570 1883 1866 1955 efficaciter
1907 1883 2038 1940 Ven
2084 1883 2315 1940 Patrem
2357 1883 2576 1939 Dnum.
2616 1883 2691 1940 R.
2732 1885 2844 1942 Dei
2883 1906 2989 1961 gra
3024 1881 3212 1961 Glasg

486 1972 682 2050 Epum
706 1975 874 2047 juxta
901 1973 1185 2031 formam
1169 1994 1229 2030 ιιι
1258 1974 1457 2032 vestris
1492 1974 1697 2031 litteris
1729 1975 2202 2059 comprehensam.
2232 1967 2329 2048 ξιιι
2368 1974 2742 2033 nihilominus
2780 1978 2952 2034 citavi
2985 1997 3209 2053 perem-

482 2068 665 2142 ptorie
697 2066 790 2122 die
826 2064 921 2123 szi
949 2065 1207 2123 Oswaldi
1229 2065 1412 2139 Regis
1443 2065 1600 2140 apud
1628 2065 1991 2122 Alnecrumb.
2020 2083 2315 2141 personam
2344 2064 2526 2140 ipsius
2555 2064 2707 2142 Eppi
2729 2086 2835 2142 per
2875 2072 3211 2128 citacionem

485 2143 697 2231 huju'sd
736 2156 1259 2232 comprehendendo
1299 2156 1529 2215 ibidem.
1550 2157 1700 2229 quod
1725 2161 2058 2232 compareat
2084 2174 2283 2212 coram
2307 2157 2465 2212 nobis
2484 2157 2571 2212 vel
2597 2158 3000 2215 commissarii-⁰2
3019 2162 3213 2216 vestris

483 2268 604 2305 uno
629 2251 712 2306 vel
733 2250 994 2324 pluribus
1020 2249 1082 2306 in
1111 2243 1417 2323 parochiali
1444 2233 1619 2309 ecclia
1645 2247 1715 2305 de
1742 2247 2025 2323 Strivelyn
2065 2245 2171 2305 <rea
2208 2247 2302 2305 die
2340 2247 2477 2304 lune
2507 2249 2687 2324 ιιι-σι’.
2716 2261 2845 2324 post
2884 2251 3088 2308 festum
3117 2248 3210 2311 Sffi

485 2341 750 2418 Dionysii
781 2338 897 2398 dcis
922 2342 1121 2399 hetam
1153 2350 1209 2398 et
1237 2335 1389 2415 taplo
1430 2359 1601 2416 super
1626 2340 1738 2398 sibi
1766 2339 2095 2413 objiciendis
2114 2340 2282 2412 juxta
2314 2339 2555 2397 formam
2597 2342 2938 2415 predcorum
2979 2346 3210 2402 manda-

483 2444 672 2491 torum
698 2432 1005 2509 aplicorum
1036 2450 1408 2509 responsurus
1436 2443 1491 2490 et
1511 2430 1631 2505 juri
1662 2431 2134 2506 paciturus.1n
2173 2432 2336 2505 cujus
2378 2431 2460 2490 rei
2500 2432 2887 2490 testimonium
2928 2448 3209 2524 presentes

482 2525 697 2584 litteras
726 2546 875 2583 meas
917 2525 1080 2583 mitto
1109 2536 1380 2601 patentes.
1467 2525 1694 2581 Datum
1721 2524 1885 2599 apud
1917 2523 2167 2580 Stoblzou
2199 2525 2262 2580 in
2299 2524 2548 2581 crastino
2587 2521 2900 2582 exaltacois
2931 2529 2985 2583 S.
3010 2529 3211 2584 Crucis

480 2616 586 2675 Αἱ.
606 2619 723 2675 Dm'
748 2617 1025 2681 mcclxxv.

562 2708 619 2765 A
645 2710 890 2765 second‘
895 2711 1215 2766 ‘execution
1242 2705 1318 2784 (ff
1332 2703 1619 2766 citation”
1646 2706 1866 2765 follows
1890 2707 2060 2764 much
2082 2706 2226 2764 after
2245 2706 2339 2765 the
2359 2726 2511 2764 same
2533 2705 2693 2765 form.
2778 2707 2984 2785 Reyist.
3006 2710 3200 2789 Gla-⁹9.

484 2800 587 2857 N⁰.
610 2802 744 2865 226,
765 2801 895 2857 227.

565 2892 622 2949 A
649 2893 813 2949 small
847 2892 965 2949 seal
992 2892 1042 2948 is
1069 2891 1191 2949 said
1220 2892 1292 2969 by
1323 2891 1418 2949 the
1446 2891 1651 2950 Editor
1679 2902 1737 2948 to
1764 2891 1837 2949 be
1863 2890 2118 2948 attached
2146 2901 2204 2947 to
2231 2889 2326 2947 the
2353 2891 2477 2947 first
2501 2888 2861 2950 instrument.
2944 2893 3046 2950 ΝΟ.
3068 2895 3202 2950 226.

562 2984 619 3041 Α
641 2983 790 3041 third
818 2984 1134 3051 execution,
1153 2984 1386 3042 entitled
1415 2990 1449 3013 “
1465 2985 1712 3041 executio
1741 2985 2023 3040 citationis
2045 2983 2432 3040 archidiaconi
2449 2988 2501 3040 et
2524 2983 2780 3056 officialis
2798 2984 2834 3009 ’'
2848 2984 2923 3060 by
2940 2985 3032 3042 the
3051 3006 3203 3044 same

479 3076 618 3133 bean
669 3074 728 3133 of
770 3072 1155 3148 Εῢῡιίβίίαιιίῐῃ
1198 3075 1456 3145 follows3
1511 3076 1760 3132 wherein
1804 3075 1898 3131 the
1940 3076 2110 3137 latter
2154 3074 2399 3132 certifies
2433 3075 2554 3130 that
2588 3074 2659 3133 he
2694 3075 2834 3150 duly
2873 3077 3068 3134 served
3110 3078 3203 3134 the

480 3165 715 3222 citation
731 3185 890 3243 upon
919 3169 1012 3224 the
1039 3177 1200 3243 party
1230 3171 1262 3195 “
1279 3166 1434 3240 apud
1450 3165 1821 3223 Edoluistum
1850 3164 1955 3222 ubi
1982 3166 2305 3240 capitulum
2323 3165 2774 3224 archidiaconale
2801 3166 3046 3224 celebrat
3066 3166 3204 3225 &c.'’

481 3256 583 3312 N0.
602 3260 734 3314 228.

915 3417 1034 3488 (11.)
1115 3416 1473 3473 PnAEcmtm
1503 3432 1577 3472 At>
1609 3432 2041 3473 msa-numnam
2070 3432 2134 3471 m
2163 3431 2425 3470 nocnmu
2454 3432 2528 3470 nn
2554 3431 2772 3472 Ammo.

560 3523 630 3580 R.
667 3523 1038 3581 miseracione
1085 3523 1282 3580 divina
1327 3504 1503 3581 ecclie
1549 3521 1736 3601 Glasg
1776 3521 2035 3579 minister
2080 3520 2320 3577 humilis
2363 3519 2571 3577 dilecto
2614 3520 2727 3578 sibi
2771 3524 2968 3580 hetam)
3012 3522 3201 3579 Vallis

477 3600 708 3673 Anand‘.
791 3615 1040 3672 Salutem
1064 3615 1312 3690 graciam
1341 3626 1396 3671 et
1425 3614 1912 3673 Benediccionem.
1997 3614 2145 3669 Cum
2171 3631 2275 3669 nos
2299 3611 2492 3669 divine
2515 3611 2737 3685 pietatis
2760 3612 2979 3669 intuitu
3004 3615 3201 3672 Derane

477 3717 533 3763 et
562 3703 797 3780 capitulo
816 3702 1004 3810 Glasg.
1026 3706 1317 3763 ecclesiam
1344 3706 1413 3764 de
1430 3707 1652 3766 Anand.
1675 3725 1789 3779 que
1818 3704 1892 3760 ad
1918 3713 2170 3761 nostram
2199 3702 2565 3760 collacionem
2593 3714 2846 3777 spectare
2872 3703 3201 3764 dinoscitur.

477 3797 916 3856 concesserimus
958 3798 1020 3854 in
1064 3816 1212 3873 pura
1256 3810 1312 3857 et
1362 3809 1695 3876 perpetuam
1738 3795 2111 3855 elemosinam
2150 3793 2559 3872 possidendam.
2643 3794 2824 3853 Vobis
2863 3796 3201 3854 mandamus

478 3890 717 3947 firmiter
742 3889 1104 3965 injungentes
1131 3902 1432 3980 quatenus
1443 3893 1678 3949 latorem
1722 3888 2079 3966 presencium
2105 3886 2338 3946 nomine
2366 3886 2648 3945 dictorum
2674 3885 2860 3948 imant
2886 3900 2942 3946 et
2970 3886 3200 3964 tupitult

473 3982 535 4036 in
560 3982 775 4039 dictam
799 3984 1089 4040 ecclesiam
1128 3984 1197 4042 de
1223 3984 1448 4045 Anand.
1479 3984 1786 4041 autoritate
1823 3986 2023 4038 nostra
2065 3979 2382 4038 instituatis
2421 3984 2476 4037 et
2512 3980 2576 4037 in
2612 3981 2964 4056 corporalem
2988 4000 3199 4056 posses-

474 4075 691 4130 sionem
716 4072 964 4147 ejusdem
989 4076 1292 4132 inducatis.
1375 4076 1564 4134 Salvis
1603 4086 1834 4134 centum
1877 4073 2078 4132 solidis
2118 4074 2326 4131 annuis
2354 4074 2609 4132 Roberto
2648 4074 2938 4180 quondam
2966 4074 3199 4132 Rectori

475 4166 730 4242 ejusdem
773 4167 833 4224 in
875 4187 983 4226 suo
1025 4179 1302 4243 perpetuo
1343 4168 1416 4225 ab
1457 4168 1654 4225 eadem
1695 4153 1876 4227 ecclia
1915 4167 2311 4245 percipiendis.
2392 4169 2465 4224 In
2506 4167 2668 4240 cujus
2698 4167 2778 4225 rei
2809 4165 3199 4223 testimonium

475 4257 574 4313 has
598 4243 779 4316 lras
742 4278 877 4314 nras
906 4258 1068 4316 vobis
1097 4258 1377 4315 mittimus
1406 4269 1675 4333 patentes.
1721 4261 1945 4317 Datum
1983 4261 2145 4336 apud
2169 4251 2356 4337 Glasg
2377 4256 2485 4331 iiij⁰
2505 4234 2740 4314 Kalend
2769 4257 3023 4313 Decemb.
3042 4275 3199 4312 anno

477 4366 570 4419 qre
598 4349 901 4423 mcclxxiij.
983 4350 1192 4426 Reyist.
1220 4349 1413 4424 Gla-39.
1443 4349 1544 4405 ΝΟ.
1565 4351 1698 4405 225.
