3882 5037
847 458 1002 530 244
1638 442 2407 526 appenutx.-ctonttu2ntal
2435 443 2801 508 monuments.
3318 448 3509 521 [Ρη-ι·
3530 450 3579 505 Ι.

930 656 1171 712 Nullam
1213 672 1440 710 causam
1481 649 1887 727 pecuniariam,
1916 668 2020 706 nec
2064 647 2237 706 aliam
2280 645 2395 704 nisi
2441 642 2587 704 forte
2631 666 2702 704 ex
2745 645 3032 715 conviciis,
3060 658 3248 705 teneat
3287 667 3480 706 coram
3518 668 3579 706 se

847 748 1090 808 betanus
1142 744 1370 819 aliquis,
1427 761 1529 800 nec
1583 742 1653 798 de
1705 761 1811 798 sua
1863 738 2446 799 excommunicatione
2500 739 2798 797 emendam
2850 739 3058 815 exigat,
3113 739 3185 797 ad
3242 741 3373 815 plus
3426 740 3583 797 ultra

849 840 1105 914 quinque
1133 836 1358 895 solidos.

931 929 1273 1006 Praecipitur
1299 926 1512 985 eisdem
1551 919 1707 999 quod
1736 918 1982 983 viriliter
2020 933 2079 980 et
2120 918 2364 980 fideliter
2403 933 2601 980 contra
2626 923 2889 981 baillivos
2926 932 2984 979 et
3027 922 3380 981 vicecomites
3420 944 3581 981 man-

855 1023 986 1081 data
1033 1021 1207 1079 curiae
1254 1027 1627 1092 exequantur,
1674 1036 1738 1073 ac
1784 1016 1959 1072 etiam
2007 1025 2203 1072 contra
2248 1014 2391 1072 alios
2439 1026 2711 1091 potentes.
2799 1014 2916 1081 Qui
2960 1010 3095 1073 vero
3143 1014 3441 1091 negligens
3489 1016 3583 1072 vel

853 1114 1122 1171 remissus
1147 1129 1318 1186 super
1344 1112 1450 1168 hoc
1477 1109 1818 1176 invenietur,
1848 1106 2151 1183 punietur:
2193 1117 2249 1164 et
2276 1107 2383 1163 hoc
2410 1107 2622 1164 eisdem
2649 1107 2983 1183 praecipiant
3008 1103 3197 1166 uetant
3228 1106 3576 1183 presbyteris

854 1206 915 1264 in
946 1205 1065 1263 suis
1094 1198 1377 1280 capitulis.

934 1297 1281 1373 Praecipiant
1307 1295 1480 1353 etiam
1518 1289 1708 1354 uetant
1751 1292 2110 1369 presbyteris,
2153 1311 2225 1349 ne
2266 1292 2336 1349 de
2365 1303 2550 1350 cetero
2578 1292 2772 1368 sigilla
2811 1312 2915 1350 sua
2955 1292 3183 1350 tradant
3219 1291 3339 1350 suis
3366 1292 3582 1350 clericis

854 1389 1171 1456 deferenda,
1199 1399 1257 1445 et
1281 1383 1437 1463 quod
1463 1386 1608 1444 nihil
1636 1385 1890 1462 sigillent
1917 1379 2097 1442 donec
2138 1380 2446 1459 diligenter
2481 1385 2729 1442 viderint
2753 1384 2910 1460 quod
2948 1384 3264 1451 mandatur,
3293 1403 3397 1441 nec
3424 1378 3583 1459 priiis

854 1481 1108 1558 sigillent
1135 1477 1318 1538 donec
1347 1479 1677 1536 mandatum
1704 1476 1859 1552 quod
1886 1476 1970 1533 eis
1998 1475 2343 1552 injungitur,
2373 1472 2679 1553 diligenter
2704 1476 2880 1534 fuerit
2904 1485 3219 1533 executum.

936 1575 1104 1641 Item,
1134 1570 1464 1648 praecipitur
1491 1571 1596 1628 sub
1624 1569 1961 1646 gravissima
2000 1571 2187 1643 poenfi,
2229 1587 2302 1624 ne
2328 1568 2535 1643 aliquis
2577 1567 2790 1644 sigillet
2817 1569 3068 1642 aliquem
3105 1585 3165 1624 se
3191 1565 3579 1624 excommuni-

853 1684 1007 1723 casse
1047 1665 1116 1721 de
1157 1664 1426 1721 mandato
1464 1662 1655 1729 curiae,
1696 1657 1874 1720 donec
1915 1654 2142 1737 publice
2184 1654 2342 1734 priiis
2381 1679 2515 1716 eum
2556 1658 3144 1726 excommunicaverit,
3186 1661 3275 1718 vel
3314 1659 3426 1717 nisi
3455 1670 3581 1736 post

854 1758 1258 1834 sigillationem
1285 1754 1663 1813 incontinenti
1690 1773 1825 1811 eum
1853 1752 2230 1830 publicaverit
2256 1752 2824 1811 excommunicatum.
2892 1810 2899 1816 ,

933 1849 1278 1924 Praecipiant
1306 1847 1478 1905 etiam
1503 1841 1694 1906 uttan(
1732 1844 2091 1922 presbyteris,
2120 1854 2188 1901 ut
2224 1854 2356 1901 ante
2384 1856 2662 1903 statutum
2704 1856 2929 1922 tempus
2956 1844 3028 1902 ab
3055 1841 3307 1908 ecclesia,
3336 1836 3581 1899 maxime

856 1941 1111 2018 pecuniae
1138 1941 1461 1998 interventu
1489 1958 1608 1997 non
1635 1938 1913 2014 recipiant
1941 1936 2209 1994 mulieres
2235 1936 2307 1994 ad
2339 1938 2807 2013 purificationem,
2836 1936 2948 1995 nisi
2976 1936 3047 1993 de
3073 1934 3305 1992 licentia
3330 1933 3583 1992 officialis

856 2034 949 2092 vel
974 2031 1377 2090 archidiaconi.

935 2122 1275 2199 Praecipitur
1300 2121 1472 2180 etiam
1513 2120 1854 2200 presbyteris
1893 2131 1961 2178 ut
2006 2121 2271 2179 mulieres
2308 2121 2659 2197 desponsatae
2696 2140 2813 2179 non
2854 2117 3203 2195 recipiantur
3240 2117 3312 2175 ad
3354 2115 3584 2174 missam

858 2235 927 2274 eo
954 2216 1046 2273 die
1071 2235 1187 2291 quo
1213 2217 1447 2273 fuerunt
1474 2215 1857 2290 desponsatae:
1903 2213 2001 2270 sed
2028 2214 2291 2279 secunda,
2322 2214 2415 2270 vel
2442 2212 2610 2270 tertia
2635 2213 2742 2269 die.

939 2306 1287 2383 Praecipiant
1310 2304 1499 2366 uetant
1529 2305 1885 2383 presbyteris»,
1908 2300 2063 2380 quod
2090 2299 2396 2381 diligenter
2425 2303 2669 2380 singulis
2698 2303 2898 2361 diebus
2924 2301 3225 2360 dominicis
3246 2300 3583 2358 denuntient

859 2398 922 2456 in
963 2399 1081 2457 suis
1124 2400 1391 2466 ecclesiis,
1421 2393 1730 2456 secundiim
1772 2392 1927 2472 quod
1970 2396 2039 2453 de
2082 2414 2232 2454 novo
2272 2407 2358 2452 est
2398 2406 2678 2453 statutum
2717 2395 2779 2452 in
2820 2394 3052 2472 synodo,
3082 2387 3238 2468 quod
3280 2411 3381 2468 per
3412 2392 3583 2448 fidem

860 2491 1049 2549 datam
1080 2510 1181 2568 per
1221 2491 1395 2551 verba
1438 2492 1507 2550 de
1550 2491 1777 2548 futuroz
1843 2482 2167 2547 nullatenus
2212 2486 2458 2546 audeant
2505 2488 2834 2545 contrahere
2883 2488 3135 2546 volentes
3183 2504 3243 2543 se
3284 2480 3584 2542 carnaliter

861 2583 1243 2651 commiscere,
1270 2578 1447 2642 donec
1475 2584 1664 2640 banna
1689 2581 1904 2638 fuerint
1931 2581 2227 2654 completa,
2257 2598 2328 2635 ne
2356 2589 2626 2655 appareat
2652 2579 2860 2655 aliquis
2886 2578 3276 2637 contradictor.

942 2674 1022 2730 Et
1062 2674 1272 2732 faciant
1312 2674 1570 2747 abjurare
1612 2672 1978 2730 fornicatores
2017 2672 2124 2728 hoc
2151 2670 2352 2728 modo:
2394 2671 2490 2727 Tu
2512 2670 2732 2744 jurabis
2769 2667 2925 2747 quod
2958 2672 3029 2729 de
3070 2681 3254 2729 cetero
3293 2688 3411 2727 non
3450 2686 3585 2744 cog-

863 2783 1060 2821 nosces
1099 2764 1270 2821 istam
1310 2759 1624 2828 carnaliter,
1665 2773 1723 2819 et
1763 2762 1813 2819 si
1854 2761 2258 2818 contrafaceres
2285 2756 2488 2819 extimc
2516 2762 2746 2820 habebis
2788 2781 2893 2839 pro
2933 2781 3110 2820 uxore
3151 2766 3266 2819 tua.
3349 2761 3477 2818 Nec
3516 2762 3587 2818 de

861 2865 1045 2911 cetero
1095 2855 1158 2912 in
1203 2854 1557 2927 abjuratione
1599 2862 1922 2930 apponatur
1966 2871 2135 2928 poena
2178 2852 2521 2928 pecuniaria,
2570 2848 2814 2910 maxime
2860 2853 3011 2910 inter
3052 2870 3148 2909 eos
3194 2850 3298 2926 qui
3345 2860 3585 2925 possunt

863 2941 1352 3003 matrimonialitEr
1379 2946 1650 3021 copulari.

940 3039 1112 3105 Item,
1136 3056 1252 3095 non
1280 3037 1556 3113 recipiant
1577 3029 1765 3097 uetant
1787 3034 2108 3093 breviculos
2140 3054 2244 3111 pro
2263 3035 2479 3111 questis
2508 3034 2794 3102 faciendis,
2816 3033 2929 3092 nisi
2955 3030 3115 3111 priiis
3135 3053 3231 3092 eos
3259 3031 3584 3090 examinent

860 3149 990 3188 cum
1012 3129 1370 3196 authenticis,
1402 3140 1460 3187 et
1487 3139 1622 3187 tunc
1644 3127 1931 3204 sigilletur
1949 3146 2103 3184 unus
2123 3127 2193 3184 de
2213 3127 2533 3194 breviculis,
2556 3138 2613 3183 et
2639 3146 2811 3202 super
2831 3128 3092 3202 exemplo
3121 3124 3396 3183 breviculi
3423 3124 3583 3200 sig-il·

855 3222 959 3280 lati
988 3222 1288 3280 mittantur
1315 3241 1416 3299 per
1445 3221 1830 3297 presbyteros3
1873 3239 1977 3276 nec
2004 3230 2238 3295 propter
2263 3220 2370 3276 hoc
2396 3229 2800 3293 extorqueatur
2828 3219 3069 3295 pecunia
3096 3236 3197 3294 per
3222 3218 3474 3280 betanus.

942 3317 1113 3383 Item,
1142 3314 1191 3373 si
1217 3313 1428 3390 aliquis
1454 3314 1523 3370 de
1550 3310 1896 3389 questuariis
1924 3310 2251 3387 philaterias
2278 3330 2409 3368 suas
2436 3310 2745 3367 ostenderit
2772 3310 3007 3384 populo,
3035 3307 3106 3366 ad
3144 3302 3362 3365 faciliiis
3394 3318 3582 3365 extor-

859 3409 1144 3484 quendam
1172 3406 1491 3484 pecuniam,
1520 3404 1793 3480 capiatur,
1820 3413 1878 3460 et
1917 3423 2049 3460 cum
2079 3402 2199 3459 suis
2241 3400 2555 3477 philateriis
2582 3400 2895 3459 adducatur
2922 3401 2993 3458 ad
3036 3399 3348 3466 officialem,
3379 3409 3436 3456 et
3477 3400 3583 3457 hoc

859 3496 1111 3559 districte
1138 3499 1500 3576 praecipimus
1528 3495 1833 3571 capellanis
1858 3504 1915 3552 et
1943 3492 2327 3551 sacerdotibus
2352 3491 2652 3550 universis.

941 3595 1110 3659 Item,
1136 3588 1359 3653 betunia
1389 3587 1719 3666 praecipitur
1745 3596 1812 3642 ut
1838 3584 2055 3661 singuli
2081 3581 2270 3644 butan(
2298 3584 2433 3641 dent
2460 3584 2625 3641 nobis
2652 3583 2715 3642 in
2742 3582 2966 3660 scriptis
2991 3581 3227 3641 nomina
3245 3600 3464 3650 eorum,
3480 3581 3584 3658 qui

861 3702 979 3741 non
1006 3683 1254 3740 resident
1279 3682 1343 3739 in
1369 3679 1636 3744 ecclesiis»,
1665 3688 1781 3734 tam
1810 3676 2162 3733 sacerdotum
2187 3670 2364 3750 quam
2390 3675 2651 3734 aliorum.

944 3774 1113 3841 Item,
1141 3773 1374 3830 nomina
1400 3770 1762 3829 ecclesiarum
1804 3787 2006 3825 eorum
2046 3767 2149 3842 qui
2193 3786 2309 3825 non
2339 3766 2585 3824 resident
2625 3766 2688 3824 in
2731 3765 2980 3825 ecclesiis
3009 3765 3146 3832 suis,
3175 3783 3323 3841 quas
3365 3759 3584 3822 dudum

863 3866 1197 3922 mandamus
1227 3883 1286 3920 se
1312 3861 1444 3920 sciri
1472 3854 1655 3938 [forle
1681 3859 1978 3932 sciscitari]
2009 3878 2111 3935 per
2136 3858 2329 3916 literas
2356 3868 2594 3916 nostras.

943 3958 1111 4023 Item,
1138 3954 1373 4014 nomina
1399 3971 1786 4029 personarum,
1813 3950 1916 4026 qui
1944 3971 2003 4008 se
2029 3970 2147 4008 non
2173 3959 2719 4025 repraesentaverunt
2746 3948 2818 4006 ad
2845 3948 3086 4007 ordines.

946 4050 1103 4115 Item,
1151 4046 1514 4123 praecipimus
1556 4039 1796 4109 uetanis,
1838 4053 1905 4098 ut
1950 4060 2066 4099 non
2112 4041 2444 4117 permittant
2486 4035 2641 4115 quod
2681 4039 2890 4114 aliquis
2935 4041 3262 4116 capellanus
3307 4040 3586 4098 firmanus

861 4135 1042 4216 [forte
1068 4138 1377 4211 firmarius]
1404 4138 1606 4195 habeat
1631 4137 1703 4194 ad
1729 4139 1956 4194 firmam
1984 4129 2293 4210 plusquam
2321 4154 2500 4192 unam
2524 4133 2832 4192 ecclesiam.

941 4234 1110 4298 Item,
1133 4229 1494 4306 praecipimus
1515 4223 1763 4286 districte
1784 4237 1851 4284 ut
1875 4226 2073 4284 nullus
2100 4226 2311 4283 habens
2332 4246 2528 4284 curam
2548 4225 2869 4284 animarum
2898 4225 2959 4283 in
2980 4224 3090 4282 ista
3111 4223 3359 4291 dioecesi.
3381 4225 3585 4283 habeat

857 4323 1032 4382 aliam
1059 4323 1131 4381 ad
1156 4324 1395 4389 firmam,
1418 4320 1531 4379 nisi
1559 4315 1702 4378 forte
1729 4339 1800 4376 ex
1830 4321 1999 4375 causa
2025 4317 2363 4385 rationabili,
2391 4328 2448 4374 et
2475 4312 2606 4375 time
2634 4317 2732 4374 flat
2759 4317 2828 4373 de
2858 4315 3085 4373 licentia
3116 4320 3307 4374 nostra
3335 4316 3582 4392 speciali.
