3882 5037
338 463 489 520 Sec-r.
508 462 609 519 XI.
649 460 721 533 1.]

1210 455 1781 528 &tauta—metm
1808 457 1866 517 ot
1889 457 2156 518 versun.

679 663 844 720 LIV.
891 662 1283 720 caemeterium

375 742 421 797 l.
448 741 545 799 An
579 742 767 799 brutis
797 761 924 818 per-

407 821 578 878 vium.

1033 742 1120 796 10.
1153 738 1630 797 Excommunica·

1105 830 1311 876 torum.

372 903 420 956 2.
449 900 547 957 An
592 919 754 958 muro
784 899 928 958 inte-
1027 900 1105 954 ll.
1124 896 1632 955 ACatholicorum.

403 998 509 1054 gro
531 992 771 1055 septum.

368 1061 417 1113 3.
445 1058 703 1133 AEquale.

367 1140 417 1193 4.
441 1138 745 1195 Mundum.

368 1218 418 1272 5.
441 1216 762 1275 Arboribus
825 1216 924 1275 ob-

401 1296 589 1353 situm.

367 1376 416 1430 6.
449 1374 841 1432 Profanatum.

369 1456 418 1510 7.
445 1455 702 1520 Quande.

367 1536 417 1588 8.
444 1534 501 1590 A
527 1554 642 1609 quo

370 1613 418 1669 9.
444 1614 541 1671 An
583 1614 845 1671 immune
890 1632 926 1670 a

402 1694 696 1769 sepultura
733 1692 927 1750 infan-

402 1772 544 1830 tium
581 1791 701 1831 non
739 1772 928 1848 bapti·

402 1863 681 1909 zatorum.

1030 980 1120 1035 12.
1148 976 1391 1034 Publice
1437 976 1626 1033 crimi-

1103 1076 1392 1114 nosorum.

1033 1139 1118 1193 13.
1149 1136 1388 1200 Eorum,
1415 1134 1519 1209 qui
1553 1134 1628 1192 ad

1104 1214 1578 1273 communionem

1106 1294 1439 1352 Paschalem
1483 1293 1626 1350 obli-

1103 1374 1245 1450 gati,
1267 1373 1502 1431 eandem
1522 1392 1629 1429 sua

1103 1453 1362 1512 socordia
1386 1463 1488 1508 aut
1508 1472 1627 1508 ma-

1101 1533 1232 1590 litia
1240 1532 1631 1607 neglexerunt,

1102 1614 1156 1670 &
1184 1612 1397 1686 absque
1432 1611 1630 1668 Sacra-

1104 1690 1311 1749 meutis
1326 1700 1461 1748 sunt
1481 1708 1630 1747 mor-

1106 1770 1213 1828 tui.

338 1948 494 2013 Quod
528 1950 576 2004 εἰ
601 1968 669 2004 ω·
687 1947 985 2024 praedictis
1013 1946 1198 2019 aliqui
1221 1945 1306 2001 vel
1330 1947 1392 2001 in
1424 1944 1631 2002 Coeme-

455 2029 613 2093 terio,
639 2030 726 2084 vel
753 2029 818 2083 in
847 2021 1105 2083 Ecclesia
1131 2025 1339 2099 sepulti
1365 2026 1496 2081 sint.

372 2105 415 2160 1.
435 2107 654 2197 Quales
681 2107 775 2164 illi
804 2105 924 2164 fue-

407 2197 532 2243 nnt-

371 2267 419 2320 2.
439 2266 532 2323 Ad
549 2265 714 2339 cujus
730 2263 949 2321 instan-

406 2345 543 2402 tiam
571 2346 804 2402 fuctum.

367 2424 418 2479 3.
442 2425 589 2490 Quis
615 2436 825 2481 terram
855 2422 930 2480 ad

404 2506 758 2581 sepulturam
774 2521 927 2560 com-

405 2584 671 2658 posuerit.

373 2664 422 2718 4.
440 2664 587 2729 Quis
604 2663 782 2720 funus
798 2680 925 2737 ges·

407 2743 619 2801 tavei-it.

1066 2106 1119 2161 5.
1147 2104 1268 2170 Qui
1295 2103 1510 2161 fuerint
1537 2122 1630 2162 co-

1105 2184 1310 2241 mitati.

1062 2265 1114 2320 6.
1142 2263 1290 2328 Quis
1324 2280 1629 2338 campanas

1108 2341 1441 2418 pulsaverit.

1069 2424 1122 2478 ’1.
1150 2422 1298 2487 Quis
1315 2420 1629 2498 gratiarum

1106 2501 1388 2594 actionem
1444 2500 1628 2558 habu·

1107 2591 1231 2639 ent.

1055 2663 1108 2717 8.
1121 2662 1218 2717 An
1227 2659 1485 2734 &qualia
1493 2659 1628 2716 aedi-

1065 2740 1198 2797 ficia
1214 2740 1277 2797 in
1293 2739 1624 2797 coemeteriO.

742 2832 873 2889 LV.
919 2831 1210 2889 ossuum.

377 2914 419 2969 l.
447 2912 540 2970 An
565 2911 922 2970 conveniens.

373 2993 421 3048 2.
449 2993 660 3049 Ossum
727 3002 926 3066 aptam

393 3071 820 3208 (Rex->sidonem
830 3070 925 3127 ha-

1064 2913 1118 2967 4.
1148 2911 1241 2970 Ad
1274 2908 1625 2985 genuflexio·

1103 3010 1235 3048 nem
1299 2999 1625 3047 anti-orsum

1103 3068 1539 3126 accommodata.

1070 3150 1123 3204 5.
1152 3148 1520 3207 Processione
1541 3147 1625 3206 vi-

372 3233 421 3285 3.
446 3231 503 3287 A
518 3229 779 3288 sordibus
793 3247 992 3287 vacua.
1104 3227 1323 3284 sitetur.

713 3323 882 3383 LVI.
924 3326 1237 3381 Feretmm.

380 3404 424 3459 l.
448 3405 640 3470 Quale.

1069 3407 1120 3461 2.
1151 3403 1271 3460 Ubi
1300 3413 1567 3461 servetur.

363 3510 546 3570 LVII.
572 3507 1235 3649 Sepuuurtztigssmtium
1259 3529 1378 3568 non
1405 3511 1589 3586 bapti-

835 3610 866 3647 2
1034 3610 1113 3647 m.

383 3669 425 3724 1.
451 3669 583 3728 Ubi.

380 3748 429 3803 2.
456 3750 546 3807 An
568 3769 732 3808 muro
753 3760 930 3825 septa.

1067 3675 1121 3726 3.
1157 3669 1206 3728 A
1228 3671 1353 3727 loco
1372 3688 1529 3727 sacro
1545 3689 1626 3727 se-

1110 3759 1327 3825 parata.

540 3846 769 3904 LVIII.
800 3847 1113 3903 Ptoventus
1141 3845 1414 3901 Ecclesiae.

384 3923 428 3978 1.
453 3924 671 3988 Qualoe.

383 4004 429 4056 2.
455 4003 601 4068 Quas
675 4004 926 4062 decimas

413 4080 612 4140 habeat.

381 4162 429 4214 3.
482 4162 618 4227 Quis
676 4162 927 4235 majores

417 4243 692 4318 percipiat.

383 4319 433 4373 4.
456 4320 590 4384 Quis
618 4322 883 4380 minores.

1067 3928 1117 3981 5.
1146 3925 1444 3989 Quantum
1523 3923 1628 3981 hoc

1103 4015 1354 4078 tempore
1384 4002 1626 4079 percipi·

1105 4094 1253 4140 atur.

1067 4163 1120 4218 6.
1148 4163 1294 4227 Quae
1334 4161 1485 4220 bona
1517 4161 1626 4218 im-

1107 4241 1359 4299 mobilia.

1782 662 1832 716 7.
1863 660 1963 716 An
1983 678 2177 716 omues
2200 659 2344 716 redi-

1821 750 1914 795 tus
1944 738 2241 814 percipiat.

1781 821 1835 874 8.
1863 819 2055 884 Quare
2081 837 2214 875 non.

1779 899 1833 953 9.
1851 897 2018 963 Quod
2035 897 2085 953 si
2095 897 2343 964 Altaria,

1820 976 2086 1042 Vicariae,
2098 976 2218 1034 sive
2235 976 2342 1033 Ca-

1819 1057 1989 1131 pellae
2028 1056 2144 1113 sint
2170 1076 2206 1112 a
2232 1055 2341 1113 Pa-

1819 1145 2035 1193 storatu
2056 1135 2341 1202 distincta,

1819 1214 1888 1272 de
1928 1214 2003 1271 iis
2044 1214 2118 1271 sit
2145 1215 2343 1272 eadem

1818 1293 1985 1360 ratic,
1999 1314 2129 1368 quae
2146 1294 2215 1351 de
2233 1294 2342 1351 Ec-

1818 1372 2344 1431 clesifiParochiali.

2896 464 3044 533 255

2448 659 2693 735 Insuper
2714 660 2761 716 si
2781 662 3043 735 quaedam

2528 739 2772 796 Vicariae
2817 741 3048 798 Altaria

2524 818 2644 876 sive
2669 819 2921 894 Capellae
2946 841 3044 878 va-

2521 909 2667 964 cent,
2696 898 2938 956 addatur
2958 920 3045 957 ra-

2523 977 2623 1043 tio,
2666 977 2729 1034 in
2770 999 2942 1052 quem
2978 981 3044 1037 fi-

2524 1076 2654 1114 nem
2686 1058 3046 1133 applicentur

2521 1136 2755 1203 redime,
2774 1138 2827 1194 8:
2841 1157 3042 1212 quam·

2523 1215 2625 1271 diu
2701 1218 3042 1284 vacaverint,

2522 1295 3047 1354 cumaliiscircum-

2524 1374 2762 1430 stautiis.

1766 1486 1930 1544 LIX.
1962 1488 2368 1564 Hospt'talc’um,
2396 1488 2779 1545 Fundationes
2798 1507 3024 1565 paupe-

1845 1586 1999 1635 rum,
2029 1570 2254 1646 Legata
2272 1570 2395 1645 pia.
2430 1564 2954 1642 Confraternitates.

1786 1648 1836 1703 l.
1865 1647 1980 1704 An.

1784 1728 1836 1782 2.
1866 1727 2039 1791 Quot.

1784 1809 1839 1862 3.
1865 1804 2092 1871 Qualia.

2453 1650 2480 1704 1
2496 1647 2638 1704 l.An
2648 1659 2923 1722 praesente
2933 1648 3044 1705 Pa-

2526 1738 2691 1785 store.

2453 1807 2541 1863 12.
2572 1806 2701 1864 Cui.

1783 1887 1838 1942 4.
1861 1886 1993 1950 Qua
2012 1884 2347 1943 auctoritate
2453 1887 2541 1941 13.
2560 1885 2723 1942 Num
2734 1886 2796 1942 in
2814 1886 2939 1943 istis
2955 1907 3041 1944 ra-

1822 1974 2021 2021 erecta.

1786 2046 1836 2100 5.
1867 2043 1967 2100 An
1992 2042 2339 2102 confirmata.

1784 2124 1848 2211 6>
1868 2122 1965 2179 An
2008 2133 2340 2181 testatorum

1823 2202 2103 2259 voluntati
2178 2203 2339 2258 satis·

1820 2282 1937 2339 flat.

1784 2359 2227 2427 7.Quosred.itus
2237 2359 2335 2417 ha·

1820 2440 2006 2498 beant.

1779 2523 1832 2577 8.
1856 2523 1910 2578 A
1927 2520 2138 2595 quibus
2154 2518 2334 2577 admi-

1816 2600 2146 2657 nistrentur.

1778 2678 2345 2744 9.Quisadministra-

1815 2768 1963 2816 tores
1990 2758 2314 2816 constituat.

1740 2840 1827 2895 10.
1856 2839 1954 2895 Au
2028 2838 2335 2913 quotannis

1813 2918 1913 2974 fiat
1940 2928 2258 2994 computus.

2509 1964 3053 2025 tiociniisfiantcon-

2508 2044 3042 2122 viviaautsumptus

2507 2122 2740 2181 inutiles
2756 2125 2819 2181 in
2841 2143 3041 2196 grava-

2508 2222 2637 2259 men
2651 2203 2919 2261 Ecclesiae
2939 2216 3042 2263 aut

2507 2281 2875 2339 fundationis.
2949 2283 3040 2342 De

2505 2360 2721 2417 fabrica
2750 2361 3036 2428 Ecclesiae,

2501 2449 2604 2496 aut
2660 2440 3036 2517 eleemosyna-

2504 2540 2629 2577 rum
2640 2520 2839 2596 capsis,
2851 2521 2913 2577 in
2926 2522 3037 2579 Ec-

2503 2599 2916 2657 clesiafortasse
2926 2602 3039 2658 col-

2503 2679 2735 2746 locatis3
2786 2680 2923 2737 item
2968 2680 3037 2738 de

2504 2758 2744 2824 Scholis‚
2791 2759 2865 2815 sit
2903 2779 3034 2835 pro-

2503 2838 2898 2914 portionaliter
2943 2861 3034 2898 ea·

2458 2961 2485 2970 ..
2501 2918 2629 2976 dem
2659 2919 2817 2976 ratio.

1734 3021 1864 3079 LX.
1904 3021 2227 3079 Oblationes
2254 3023 2521 3079 notabiles
2547 3025 3036 3083 eoetraordinariae.

1780 3104 1826 3158 l.
1858 3100 1929 3157 In
1957 3121 2126 3175 quem
2166 3120 2333 3158 usum

1812 3190 2226 3239 convertantur.

1776 3263 1829 3317 2.
1861 3260 1961 3317 An
2002 3279 2195 3317 earum
2231 3260 2334 3316 fiat

1817 3349 2138 3413 computus.

1776 3421 1828 3474 3.
1860 3419 1990 3500 Cui.

2474 3104 2528 3159 4.
2556 3104 2686 3168 Quo
2716 3114 3003 3179 praesente.

2477 3185 2528 3238 5.
2558 3183 2738 3255 Cujus
2765 3194 2827 3239 ut
2856 3183 3033 3257 pluri-

2516 3281 2675 3318 mum
2704 3261 2817 3318 siut
2838 3273 3035 3319 contra

2515 3340 2728 3398 valoris
2768 3341 3032 3414 quamvis

2514 3418 2731 3476 incerti.

1742 3528 1910 3586 LXI.
1946 3530 2226 3586 Ertinctae
2261 3528 2518 3594 Vicariae,
2551 3529 2891 3606 Hospitalia,
2913 3532 3032 3607 piae

2188 3609 2587 3666 Fundationes.

1784 3690 1829 3744 l.
1858 3687 1971 3745 Cui
2032 3687 2336 3754 Benefici0‚

1815 3765 2226 3824 communitati
2235 3778 2337 3824 aut

1815 3845 2137 3904 Conventui
2154 3846 2333 3903 unitae

2480 3692 2529 3745 5.
2561 3688 2705 3754 Quis
2729 3689 3032 3747 modernus

2514 3767 2754 3826 istorum
2853 3769 3031 3828 bono-

2515 3867 2643 3904 rum
2669 3847 2979 3907 Possoesor.

1813 3937 1916 3982 aut
1941 3926 2331 4002 incorporatae.
2434 3925 2652 3984 Eadem
2682 3927 2756 3983 sit
2783 3928 2929 3986 ratio
2961 3927 3030 3985 de

1778 4008 1829 4062 2.
1858 4006 1915 4062 Α
1929 4024 2048 4079 quo
2067 4015 2332 4080 tempore.

1774 4085 1829 4140 3.
1860 4084 2041 4159 Cujus
2086 4084 2331 4142 auctori·

1812 4173 1939 4220 tate.

1773 4245 1828 4299 4.
1858 4244 2017 4308 Quos
2049 4241 2332 4300 habebant

1813 4322 2044 4379 reditus.

2513 4006 2788 4064 Ecclesiis
2856 4006 3029 4066 Paro·

2514 4084 2799 4142 chialibus
2824 4097 2926 4143 aut
2953 4086 3028 4143 si-

2513 4164 3034 4222 milibusinPerso-

2511 4253 2712 4299 natum
2802 4262 3031 4300 conver-

2511 4321 2604 4377 sis.
