<?xml version="1.0" encoding="UTF-8"?>
<!DOCTYPE html PUBLIC "-//W3C//DTD XHTML 1.0 Transitional//EN"
    "http://www.w3.org/TR/xhtml1/DTD/xhtml1-transitional.dtd">
<html xmlns="http://www.w3.org/1999/xhtml" xml:lang="en" lang="en">
 <head>
  <title>
</title>
<meta http-equiv="Content-Type" content="text/html;charset=utf-8" />
  <meta name='ocr-system' content='tesseract 3.04.00' />
  <meta name='ocr-capabilities' content='ocr_page ocr_carea ocr_par ocr_line ocrx_word'/>
</head>
<body>
  <div class='ocr_page' id='page_1' title='image "./horaedecanicaer03dansgoog_0575.png"; bbox 0 0 3882 5037; ppageno 0'>
   <div class='ocr_carea' id='block_1_1' title="bbox 357 503 3080 581">
    <p class='ocr_par' dir='ltr' id='par_1_1' title="bbox 357 503 3080 581">
     <span class='ocr_line' id='line_1_1' title="bbox 357 503 3080 581; baseline 0.005 -21"><span class='ocrx_word' id='word_1_1' title='bbox 357 505 516 560; x_wconf 65' lang='lat' dir='ltr'>Sacr.</span> <span class='ocrx_word' id='word_1_2' title='bbox 541 504 669 576; x_wconf 87' lang='lat' dir='ltr'><strong>IV.]</strong></span> <span class='ocrx_word' id='word_1_3' title='bbox 1416 503 1656 570; x_wconf 64' lang='lat' dir='ltr'>Diome</span> <span class='ocrx_word' id='word_1_4' title='bbox 1685 505 1745 566; x_wconf 81' lang='lat' dir='ltr'>of</span> <span class='ocrx_word' id='word_1_5' title='bbox 1768 504 2026 581; x_wconf 58' lang='lat' dir='ltr'>moran.</span> <span class='ocrx_word' id='word_1_6' title='bbox 2928 505 3080 574; x_wconf 82' lang='lat'>559</span> 
     </span>
    </p>
   </div>
   <div class='ocr_carea' id='block_1_2' title="bbox 356 703 3081 873">
    <p class='ocr_par' dir='ltr' id='par_1_2' title="bbox 356 703 3081 873">
     <span class='ocr_line' id='line_1_2' title="bbox 356 703 3079 780; baseline -0 -17"><span class='ocrx_word' id='word_1_7' title='bbox 356 705 657 764; x_wconf 88' lang='lat' dir='ltr'>thirteenth</span> <span class='ocrx_word' id='word_1_8' title='bbox 685 715 932 779; x_wconf 81' lang='lat' dir='ltr'><strong>century.</strong></span> <span class='ocrx_word' id='word_1_9' title='bbox 1016 704 1177 779; x_wconf 84' lang='lat' dir='ltr'>They</span> <span class='ocrx_word' id='word_1_10' title='bbox 1196 724 1292 761; x_wconf 89' lang='lat' dir='ltr'>are</span> <span class='ocrx_word' id='word_1_11' title='bbox 1317 705 1617 772; x_wconf 86' lang='lat' dir='ltr'>witnesses,</span> <span class='ocrx_word' id='word_1_12' title='bbox 1641 706 1777 762; x_wconf 81' lang='lat' dir='ltr'>with</span> <span class='ocrx_word' id='word_1_13' title='bbox 1799 707 1961 763; x_wconf 90' lang='lat' dir='ltr'>other</span> <span class='ocrx_word' id='word_1_14' title='bbox 1988 723 2238 780; x_wconf 89' lang='lat' dir='ltr'>persons,</span> <span class='ocrx_word' id='word_1_15' title='bbox 2267 714 2325 761; x_wconf 92' lang='lat' dir='ltr'>to</span> <span class='ocrx_word' id='word_1_16' title='bbox 2356 714 2469 760; x_wconf 86' lang='lat' dir='ltr'>two</span> <span class='ocrx_word' id='word_1_17' title='bbox 2495 703 2867 761; x_wconf 89' lang='lat' dir='ltr'>instruments</span> <span class='ocrx_word' id='word_1_18' title='bbox 2894 705 2955 761; x_wconf 91' lang='lat' dir='ltr'>in</span> <span class='ocrx_word' id='word_1_19' title='bbox 2985 707 3079 762; x_wconf 90' lang='lat' dir='ltr'>the</span> 
     </span>
     <span class='ocr_line' id='line_1_3' title="bbox 358 794 3081 873; baseline 0 -19"><span class='ocrx_word' id='word_1_20' title='bbox 358 796 591 872; x_wconf 85' lang='lat' dir='ltr'>register</span> <span class='ocrx_word' id='word_1_21' title='bbox 610 798 677 855; x_wconf 88' lang='lat' dir='ltr'>of</span> <span class='ocrx_word' id='word_1_22' title='bbox 696 798 788 854; x_wconf 88' lang='lat' dir='ltr'>the</span> <span class='ocrx_word' id='word_1_23' title='bbox 811 815 900 852; x_wconf 88' lang='lat' dir='ltr'>see</span> <span class='ocrx_word' id='word_1_24' title='bbox 923 794 988 851; x_wconf 88' lang='lat' dir='ltr'>of</span> <span class='ocrx_word' id='word_1_25' title='bbox 1003 795 1203 870; x_wconf 90' lang='lat' dir='ltr'>Moray</span> <span class='ocrx_word' id='word_1_26' title='bbox 1225 796 1397 867; x_wconf 75' lang='lat' dir='ltr'>(AD.</span> <span class='ocrx_word' id='word_1_27' title='bbox 1415 800 1739 870; x_wconf 69' lang='lat' dir='ltr'>mccxxw.):</span> <span class='ocrx_word' id='word_1_28' title='bbox 1795 802 1830 826; x_wconf 86' lang='lat'>‘⁸</span> <span class='ocrx_word' id='word_1_29' title='bbox 1850 797 2104 855; x_wconf 86' lang='lat' dir='ltr'>Roberto</span> <span class='ocrx_word' id='word_1_30' title='bbox 2123 799 2318 855; x_wconf 62' lang='lat' dir='ltr'>bucano</span> <span class='ocrx_word' id='word_1_31' title='bbox 2340 795 2410 852; x_wconf 89' lang='lat' dir='ltr'>de</span> <span class='ocrx_word' id='word_1_32' title='bbox 2432 795 3081 873; x_wconf 83' lang='lat' dir='ltr'>Invernys———Willelmo</span> 
     </span>
    </p>
   </div>
   <div class='ocr_carea' id='block_1_3' title="bbox 231 887 3080 965">
    <p class='ocr_par' dir='ltr' id='par_1_3' title="bbox 231 887 3080 965">
     <span class='ocr_line' id='line_1_4' title="bbox 231 887 3080 965; baseline -0.001 -18"><span class='ocrx_word' id='word_1_33' title='bbox 231 919 234 934; x_wconf 83' lang='lat'><em>=</em></span> <span class='ocrx_word' id='word_1_34' title='bbox 355 891 555 948; x_wconf 72' lang='lat' dir='ltr'>nerano</span> <span class='ocrx_word' id='word_1_35' title='bbox 584 890 654 948; x_wconf 89' lang='lat' dir='ltr'>de</span> <span class='ocrx_word' id='word_1_36' title='bbox 694 887 1423 964; x_wconf 83' lang='lat' dir='ltr'>Strathbolgy—Gregorio</span> <span class='ocrx_word' id='word_1_37' title='bbox 1451 892 1648 948; x_wconf 70' lang='lat' dir='ltr'>uetans</span> <span class='ocrx_word' id='word_1_38' title='bbox 1676 889 1745 948; x_wconf 87' lang='lat' dir='ltr'>de</span> <span class='ocrx_word' id='word_1_39' title='bbox 1783 888 2126 965; x_wconf 83' lang='lat' dir='ltr'>Strathspe.’&#39;</span> <span class='ocrx_word' id='word_1_40' title='bbox 2166 888 2270 964; x_wconf 89' lang='lat' dir='ltr'>Pp.</span> <span class='ocrx_word' id='word_1_41' title='bbox 2292 890 2383 944; x_wconf 80' lang='grc'>23.</span> <span class='ocrx_word' id='word_1_42' title='bbox 2408 889 2499 944; x_wconf 80' lang='grc'>24.</span> <span class='ocrx_word' id='word_1_43' title='bbox 2522 889 2616 942; x_wconf 88' lang='grc'>69.</span> <span class='ocrx_word' id='word_1_44' title='bbox 2640 888 2730 942; x_wconf 78' lang='lat'>76.</span> <span class='ocrx_word' id='word_1_45' title='bbox 2814 887 2886 944; x_wconf 90' lang='lat' dir='ltr'>In</span> <span class='ocrx_word' id='word_1_46' title='bbox 2913 907 2948 943; x_wconf 90' lang='lat' dir='ltr'>a</span> <span class='ocrx_word' id='word_1_47' title='bbox 2982 887 3080 944; x_wconf 85' lang='lat' dir='ltr'>do-</span> 
     </span>
    </p>
   </div>
   <div class='ocr_carea' id='block_1_4' title="bbox 355 977 3084 2340">
    <p class='ocr_par' dir='ltr' id='par_1_4' title="bbox 355 977 3084 2134">
     <span class='ocr_line' id='line_1_5' title="bbox 357 977 3080 1057; baseline -0.002 -19"><span class='ocrx_word' id='word_1_48' title='bbox 357 992 590 1037; x_wconf 90' lang='lat' dir='ltr'>cument</span> <span class='ocrx_word' id='word_1_49' title='bbox 616 978 849 1038; x_wconf 87' lang='lat' dir='ltr'>entitled</span> <span class='ocrx_word' id='word_1_50' title='bbox 886 985 919 1008; x_wconf 76' lang='lat'>‘⁶</span> <span class='ocrx_word' id='word_1_51' title='bbox 942 977 1186 1036; x_wconf 75' lang='lat' dir='ltr'>Monieio</span> <span class='ocrx_word' id='word_1_52' title='bbox 1225 986 1433 1037; x_wconf 78' lang='lat' dir='ltr'>contra</span> <span class='ocrx_word' id='word_1_53' title='bbox 1467 985 1804 1057; x_wconf 77' lang='lat' dir='ltr'><em>occupantes</em></span> <span class='ocrx_word' id='word_1_54' title='bbox 1842 985 2029 1037; x_wconf 77' lang='lat' dir='ltr'>terras</span> <span class='ocrx_word' id='word_1_55' title='bbox 2060 983 2126 1038; x_wconf 80' lang='lat' dir='ltr'>de</span> <span class='ocrx_word' id='word_1_56' title='bbox 2165 979 2489 1054; x_wconf 72' lang='lat' dir='ltr'>Kynmily”</span> <span class='ocrx_word' id='word_1_57' title='bbox 2514 978 3080 1050; x_wconf 74' lang='lat' dir='ltr'>(A.D.mcccxcv111.)</span> 
     </span>
     <span class='ocr_line' id='line_1_6' title="bbox 355 1070 3081 1148; baseline -0.001 -18"><span class='ocrx_word' id='word_1_58' title='bbox 355 1072 654 1131; x_wconf 87' lang='lat' dir='ltr'>addressed</span> <span class='ocrx_word' id='word_1_59' title='bbox 672 1073 746 1147; x_wconf 88' lang='lat' dir='ltr'>by</span> <span class='ocrx_word' id='word_1_60' title='bbox 765 1070 1022 1127; x_wconf 81' lang='lat' dir='ltr'>william</span> <span class='ocrx_word' id='word_1_61' title='bbox 1041 1070 1256 1146; x_wconf 88' lang='lat' dir='ltr'>Bishop</span> <span class='ocrx_word' id='word_1_62' title='bbox 1276 1071 1343 1129; x_wconf 83' lang='lat' dir='ltr'>of</span> <span class='ocrx_word' id='word_1_63' title='bbox 1363 1072 1568 1148; x_wconf 90' lang='lat' dir='ltr'>Moray</span> <span class='ocrx_word' id='word_1_64' title='bbox 1598 1083 1656 1131; x_wconf 90' lang='lat' dir='ltr'>to</span> <span class='ocrx_word' id='word_1_65' title='bbox 1685 1074 1777 1130; x_wconf 87' lang='lat' dir='ltr'>the</span> <span class='ocrx_word' id='word_1_66' title='bbox 1807 1073 1976 1131; x_wconf 82' lang='lat' dir='ltr'>Dean</span> <span class='ocrx_word' id='word_1_67' title='bbox 1999 1073 2065 1131; x_wconf 87' lang='lat' dir='ltr'>of</span> <span class='ocrx_word' id='word_1_68' title='bbox 2079 1073 2398 1137; x_wconf 76' lang='lat' dir='ltr'>InvernesS,</span> <span class='ocrx_word' id='word_1_69' title='bbox 2422 1072 2701 1129; x_wconf 83' lang='lat' dir='ltr'>hereafter</span> <span class='ocrx_word' id='word_1_70' title='bbox 2721 1071 2946 1148; x_wconf 80' lang='lat' dir='ltr'><strong>printed</strong></span> <span class='ocrx_word' id='word_1_71' title='bbox 2974 1075 3081 1144; x_wconf 84' lang='lat'><strong>(1.),</strong></span> 
     </span>
     <span class='ocr_line' id='line_1_7' title="bbox 356 1159 3079 1241; baseline -0.001 -18"><span class='ocrx_word' id='word_1_72' title='bbox 356 1167 450 1224; x_wconf 88' lang='lat' dir='ltr'>the</span> <span class='ocrx_word' id='word_1_73' title='bbox 477 1167 645 1224; x_wconf 87' lang='lat' dir='ltr'>latter</span> <span class='ocrx_word' id='word_1_74' title='bbox 671 1165 722 1222; x_wconf 91' lang='lat' dir='ltr'>is</span> <span class='ocrx_word' id='word_1_75' title='bbox 749 1162 937 1221; x_wconf 85' lang='lat' dir='ltr'>called</span> <span class='ocrx_word' id='word_1_76' title='bbox 963 1167 998 1191; x_wconf 91' lang='lat'>“</span> <span class='ocrx_word' id='word_1_77' title='bbox 1015 1159 1285 1225; x_wconf 61' lang='lat' dir='ltr'>Betanuss</span> <span class='ocrx_word' id='word_1_78' title='bbox 1315 1161 1785 1232; x_wconf 52' lang='lat' dir='ltr'>Christianitatis</span> <span class='ocrx_word' id='word_1_79' title='bbox 1812 1165 1884 1222; x_wconf 87' lang='lat' dir='ltr'>de</span> <span class='ocrx_word' id='word_1_80' title='bbox 1913 1164 2217 1241; x_wconf 83' lang='lat' dir='ltr'>Inurnys,”</span> <span class='ocrx_word' id='word_1_81' title='bbox 2244 1184 2298 1240; x_wconf 89' lang='lat' dir='ltr'>p.</span> <span class='ocrx_word' id='word_1_82' title='bbox 2319 1165 2432 1220; x_wconf 81' lang='lat'>211</span> <span class='ocrx_word' id='word_1_83' title='bbox 2460 1184 2476 1232; x_wconf 90' lang='grc'><strong>;</strong></span> <span class='ocrx_word' id='word_1_84' title='bbox 2518 1163 2631 1221; x_wconf 86' lang='lat' dir='ltr'>and</span> <span class='ocrx_word' id='word_1_85' title='bbox 2658 1164 2752 1221; x_wconf 88' lang='lat' dir='ltr'>the</span> <span class='ocrx_word' id='word_1_86' title='bbox 2778 1182 2930 1220; x_wconf 85' lang='lat' dir='ltr'>same</span> <span class='ocrx_word' id='word_1_87' title='bbox 2958 1164 3079 1220; x_wconf 89' lang='lat' dir='ltr'>title</span> 
     </span>
     <span class='ocr_line' id='line_1_8' title="bbox 357 1253 3081 1331; baseline -0.001 -17"><span class='ocrx_word' id='word_1_88' title='bbox 357 1257 406 1314; x_wconf 90' lang='lat' dir='ltr'>is</span> <span class='ocrx_word' id='word_1_89' title='bbox 434 1256 607 1330; x_wconf 83' lang='lat' dir='ltr'>given</span> <span class='ocrx_word' id='word_1_90' title='bbox 635 1266 695 1314; x_wconf 92' lang='lat' dir='ltr'>to</span> <span class='ocrx_word' id='word_1_91' title='bbox 720 1253 928 1312; x_wconf 89' lang='lat' dir='ltr'>himin</span> <span class='ocrx_word' id='word_1_92' title='bbox 969 1255 1060 1312; x_wconf 88' lang='lat' dir='ltr'>the</span> <span class='ocrx_word' id='word_1_93' title='bbox 1101 1260 1137 1284; x_wconf 79' lang='lat'>‘⁴</span> <span class='ocrx_word' id='word_1_94' title='bbox 1155 1253 1448 1313; x_wconf 75' lang='lat' dir='ltr'><strong><em>Sententia</em></strong></span> <span class='ocrx_word' id='word_1_95' title='bbox 1492 1258 1546 1314; x_wconf 88' lang='lat' dir='ltr'><em>A</em></span> <span class='ocrx_word' id='word_1_96' title='bbox 1592 1256 1971 1313; x_wconf 75' lang='lat' dir='ltr'>Moraviensis</span> <span class='ocrx_word' id='word_1_97' title='bbox 2010 1255 2257 1331; x_wconf 79' lang='lat' dir='ltr'><strong><em>episcopi</em></strong></span> <span class='ocrx_word' id='word_1_98' title='bbox 2284 1260 2488 1312; x_wconf 77' lang='lat' dir='ltr'>contra</span> <span class='ocrx_word' id='word_1_99' title='bbox 2521 1256 2678 1311; x_wconf 80' lang='lat' dir='ltr'>Will.</span> <span class='ocrx_word' id='word_1_100' title='bbox 2716 1256 2783 1312; x_wconf 81' lang='lat' dir='ltr'>de</span> <span class='ocrx_word' id='word_1_101' title='bbox 2828 1257 3081 1313; x_wconf 81' lang='lat' dir='ltr'>Fentona</span> 
     </span>
     <span class='ocr_line' id='line_1_9' title="bbox 359 1347 3080 1422; baseline 0 -18"><span class='ocrx_word' id='word_1_102' title='bbox 359 1349 498 1412; x_wconf 78' lang='lat' dir='ltr'>lata,</span> <span class='ocrx_word' id='word_1_103' title='bbox 554 1349 616 1403; x_wconf 80' lang='lat' dir='ltr'>in</span> <span class='ocrx_word' id='word_1_104' title='bbox 671 1347 906 1404; x_wconf 80' lang='lat' dir='ltr'>concilio</span> <span class='ocrx_word' id='word_1_105' title='bbox 957 1348 1120 1422; x_wconf 79' lang='lat' dir='ltr'>apud</span> <span class='ocrx_word' id='word_1_106' title='bbox 1172 1349 1358 1405; x_wconf 67' lang='lat' dir='ltr'>Per-tlt.</span> <span class='ocrx_word' id='word_1_107' title='bbox 1406 1347 1860 1406; x_wconf 79' lang='lat' dir='ltr'>denuncianda.”</span> <span class='ocrx_word' id='word_1_108' title='bbox 1938 1349 2084 1420; x_wconf 84' lang='lat' dir='ltr'><strong>(CC.</strong></span> <span class='ocrx_word' id='word_1_109' title='bbox 2113 1349 2196 1404; x_wconf 90' lang='lat' dir='ltr'>M.</span> <span class='ocrx_word' id='word_1_110' title='bbox 2220 1349 2293 1404; x_wconf 92' lang='grc' dir='ltr'>Β.</span> <span class='ocrx_word' id='word_1_111' title='bbox 2314 1348 2458 1404; x_wconf 79' lang='lat' dir='ltr'>etH.</span> <span class='ocrx_word' id='word_1_112' title='bbox 2488 1347 2619 1404; x_wconf 91' lang='lat' dir='ltr'>Vol.</span> <span class='ocrx_word' id='word_1_113' title='bbox 2641 1366 2702 1405; x_wconf 89' lang='lat'>11.</span> <span class='ocrx_word' id='word_1_114' title='bbox 2728 1365 2781 1421; x_wconf 92' lang='lat' dir='ltr'>p.</span> <span class='ocrx_word' id='word_1_115' title='bbox 2799 1350 2893 1404; x_wconf 88' lang='grc'>43.</span> <span class='ocrx_word' id='word_1_116' title='bbox 2928 1348 3080 1404; x_wconf 84' lang='lat' dir='ltr'>A.D.</span> 
     </span>
     <span class='ocr_line' id='line_1_10' title="bbox 357 1436 3081 1515; baseline -0.001 -19"><span class='ocrx_word' id='word_1_117' title='bbox 357 1440 798 1507; x_wconf 58' lang='lat' dir='ltr'>nocuum—a</span> <span class='ocrx_word' id='word_1_118' title='bbox 840 1436 1073 1495; x_wconf 90' lang='lat' dir='ltr'>curious</span> <span class='ocrx_word' id='word_1_119' title='bbox 1119 1439 1438 1507; x_wconf 84' lang='lat' dir='ltr'>document,</span> <span class='ocrx_word' id='word_1_120' title='bbox 1477 1441 1585 1498; x_wconf 91' lang='lat' dir='ltr'>but</span> <span class='ocrx_word' id='word_1_121' title='bbox 1621 1453 1717 1499; x_wconf 88' lang='lat' dir='ltr'>too</span> <span class='ocrx_word' id='word_1_122' title='bbox 1761 1441 1905 1515; x_wconf 88' lang='lat' dir='ltr'>long</span> <span class='ocrx_word' id='word_1_123' title='bbox 1949 1440 2036 1497; x_wconf 85' lang='lat' dir='ltr'>for</span> <span class='ocrx_word' id='word_1_124' title='bbox 2078 1438 2493 1514; x_wconf 77' lang='lat' dir='ltr'>transcription.</span> <span class='ocrx_word' id='word_1_125' title='bbox 2578 1438 2793 1514; x_wconf 88' lang='lat' dir='ltr'>Bishop</span> <span class='ocrx_word' id='word_1_126' title='bbox 2821 1438 3081 1495; x_wconf 86' lang='lat' dir='ltr'>William</span> 
     </span>
     <span class='ocr_line' id='line_1_11' title="bbox 359 1528 3081 1604; baseline -0.001 -16"><span class='ocrx_word' id='word_1_127' title='bbox 359 1532 589 1589; x_wconf 88' lang='lat' dir='ltr'>collates</span> <span class='ocrx_word' id='word_1_128' title='bbox 614 1541 673 1587; x_wconf 90' lang='lat' dir='ltr'>to</span> <span class='ocrx_word' id='word_1_129' title='bbox 694 1530 785 1586; x_wconf 89' lang='lat' dir='ltr'>the</span> <span class='ocrx_word' id='word_1_130' title='bbox 808 1528 1074 1604; x_wconf 83' lang='lat' dir='ltr'>vicarage</span> <span class='ocrx_word' id='word_1_131' title='bbox 1094 1532 1163 1587; x_wconf 88' lang='lat' dir='ltr'>of</span> <span class='ocrx_word' id='word_1_132' title='bbox 1179 1530 1394 1588; x_wconf 85' lang='lat' dir='ltr'>Duffus</span> <span class='ocrx_word' id='word_1_133' title='bbox 1416 1532 1593 1601; x_wconf 72' lang='lat' dir='ltr'>(AD.</span> <span class='ocrx_word' id='word_1_134' title='bbox 1614 1533 1988 1603; x_wconf 72' lang='lat' dir='ltr'>mcccxcvm.)</span> <span class='ocrx_word' id='word_1_135' title='bbox 2013 1530 2128 1587; x_wconf 87' lang='lat' dir='ltr'>and</span> <span class='ocrx_word' id='word_1_136' title='bbox 2150 1529 2465 1587; x_wconf 87' lang='lat' dir='ltr'>authorises</span> <span class='ocrx_word' id='word_1_137' title='bbox 2486 1530 2579 1587; x_wconf 87' lang='lat' dir='ltr'>the</span> <span class='ocrx_word' id='word_1_138' title='bbox 2597 1531 2735 1588; x_wconf 71' lang='lat' dir='ltr'>bean</span> <span class='ocrx_word' id='word_1_139' title='bbox 2756 1528 2823 1586; x_wconf 87' lang='lat' dir='ltr'>of</span> <span class='ocrx_word' id='word_1_140' title='bbox 2838 1529 3081 1603; x_wconf 86' lang='lat' dir='ltr'>Elgyne,</span> 
     </span>
     <span class='ocr_line' id='line_1_12' title="bbox 357 1618 3082 1698; baseline 0 -21"><span class='ocrx_word' id='word_1_141' title='bbox 357 1621 539 1679; x_wconf 91' lang='lat' dir='ltr'>under</span> <span class='ocrx_word' id='word_1_142' title='bbox 566 1621 659 1677; x_wconf 87' lang='lat' dir='ltr'>the</span> <span class='ocrx_word' id='word_1_143' title='bbox 686 1620 810 1678; x_wconf 88' lang='lat' dir='ltr'>title</span> <span class='ocrx_word' id='word_1_144' title='bbox 837 1621 905 1677; x_wconf 87' lang='lat' dir='ltr'>of</span> <span class='ocrx_word' id='word_1_145' title='bbox 923 1618 1190 1684; x_wconf 61' lang='lat' dir='ltr'>Betauuss</span> <span class='ocrx_word' id='word_1_146' title='bbox 1210 1619 1698 1690; x_wconf 63' lang='grc' dir='ltr'>Θῇτίβῒίαηίίείίβ,</span> <span class='ocrx_word' id='word_1_147' title='bbox 1723 1634 1781 1680; x_wconf 90' lang='lat' dir='ltr'>to</span> <span class='ocrx_word' id='word_1_148' title='bbox 1808 1622 1943 1698; x_wconf 84' lang='lat' dir='ltr'>give</span> <span class='ocrx_word' id='word_1_149' title='bbox 1969 1621 2229 1698; x_wconf 84' lang='lat' dir='ltr'>corporal</span> <span class='ocrx_word' id='word_1_150' title='bbox 2259 1621 2575 1695; x_wconf 77' lang='lat' dir='ltr'>possession</span> <span class='ocrx_word' id='word_1_151' title='bbox 2592 1622 2693 1678; x_wconf 56' lang='lat' dir='ltr'>&amp;a</span> <span class='ocrx_word' id='word_1_152' title='bbox 2724 1620 2792 1678; x_wconf 90' lang='lat' dir='ltr'>of</span> <span class='ocrx_word' id='word_1_153' title='bbox 2809 1621 2902 1678; x_wconf 87' lang='lat' dir='ltr'>the</span> <span class='ocrx_word' id='word_1_154' title='bbox 2927 1640 3082 1678; x_wconf 87' lang='lat' dir='ltr'>same</span> 
     </span>
     <span class='ocr_line' id='line_1_13' title="bbox 359 1712 3083 1789; baseline 0 -21"><span class='ocrx_word' id='word_1_155' title='bbox 359 1722 419 1769; x_wconf 91' lang='lat' dir='ltr'>to</span> <span class='ocrx_word' id='word_1_156' title='bbox 465 1713 555 1770; x_wconf 88' lang='lat' dir='ltr'>the</span> <span class='ocrx_word' id='word_1_157' title='bbox 598 1721 761 1788; x_wconf 82' lang='lat' dir='ltr'><strong>party</strong></span> <span class='ocrx_word' id='word_1_158' title='bbox 803 1712 1059 1770; x_wconf 88' lang='lat' dir='ltr'>collated.</span> <span class='ocrx_word' id='word_1_159' title='bbox 1145 1714 1252 1771; x_wconf 91' lang='lat' dir='ltr'>See</span> <span class='ocrx_word' id='word_1_160' title='bbox 1295 1715 1387 1771; x_wconf 89' lang='lat' dir='ltr'>the</span> <span class='ocrx_word' id='word_1_161' title='bbox 1424 1713 1778 1772; x_wconf 86' lang='lat' dir='ltr'>Instrument</span> <span class='ocrx_word' id='word_1_162' title='bbox 1807 1718 1918 1784; x_wconf 89' lang='lat'><strong>(11.)</strong></span> <span class='ocrx_word' id='word_1_163' title='bbox 1974 1712 2109 1769; x_wconf 91' lang='lat' dir='ltr'>And</span> <span class='ocrx_word' id='word_1_164' title='bbox 2148 1712 2340 1789; x_wconf 87' lang='lat' dir='ltr'>again,</span> <span class='ocrx_word' id='word_1_165' title='bbox 2368 1712 2430 1768; x_wconf 92' lang='lat' dir='ltr'>in</span> <span class='ocrx_word' id='word_1_166' title='bbox 2459 1714 2551 1770; x_wconf 89' lang='lat' dir='ltr'>the</span> <span class='ocrx_word' id='word_1_167' title='bbox 2588 1719 2621 1743; x_wconf 86' lang='lat'>⁸‘</span> <span class='ocrx_word' id='word_1_168' title='bbox 2645 1713 2813 1769; x_wconf 70' lang='lat' dir='ltr'>Caris</span> <span class='ocrx_word' id='word_1_169' title='bbox 2841 1712 3083 1785; x_wconf 84' lang='lat' dir='ltr'>quedam</span> 
     </span>
     <span class='ocr_line' id='line_1_14' title="bbox 359 1803 3084 1883; baseline 0.001 -25"><span class='ocrx_word' id='word_1_170' title='bbox 359 1803 720 1878; x_wconf 74' lang='lat' dir='ltr'>oriyinales,’&#39;</span> <span class='ocrx_word' id='word_1_171' title='bbox 750 1813 808 1859; x_wconf 87' lang='lat' dir='ltr'>at</span> <span class='ocrx_word' id='word_1_172' title='bbox 846 1806 939 1860; x_wconf 89' lang='lat' dir='ltr'>the</span> <span class='ocrx_word' id='word_1_173' title='bbox 983 1804 1091 1862; x_wconf 90' lang='lat' dir='ltr'>end</span> <span class='ocrx_word' id='word_1_174' title='bbox 1129 1804 1195 1863; x_wconf 87' lang='lat' dir='ltr'>of</span> <span class='ocrx_word' id='word_1_175' title='bbox 1230 1805 1322 1862; x_wconf 89' lang='lat' dir='ltr'>the</span> <span class='ocrx_word' id='word_1_176' title='bbox 1353 1805 1682 1883; x_wconf 75' lang='lat' dir='ltr'>Reyistrum</span> <span class='ocrx_word' id='word_1_177' title='bbox 1711 1807 2085 1871; x_wconf 77' lang='lat' dir='ltr'>moraviense,</span> <span class='ocrx_word' id='word_1_178' title='bbox 2122 1823 2210 1861; x_wconf 85' lang='lat' dir='ltr'>we</span> <span class='ocrx_word' id='word_1_179' title='bbox 2252 1803 2394 1870; x_wconf 81' lang='lat' dir='ltr'>find,</span> <span class='ocrx_word' id='word_1_180' title='bbox 2427 1823 2641 1879; x_wconf 80' lang='lat' dir='ltr'><strong>among</strong></span> <span class='ocrx_word' id='word_1_181' title='bbox 2681 1804 2775 1860; x_wconf 90' lang='lat' dir='ltr'>the</span> <span class='ocrx_word' id='word_1_182' title='bbox 2814 1804 3084 1881; x_wconf 83' lang='lat' dir='ltr'>attesting</span> 
     </span>
     <span class='ocr_line' id='line_1_15' title="bbox 359 1891 3080 1970; baseline 0.001 -21"><span class='ocrx_word' id='word_1_183' title='bbox 359 1893 664 1960; x_wconf 86' lang='lat' dir='ltr'>witnesses,</span> <span class='ocrx_word' id='word_1_184' title='bbox 694 1900 728 1924; x_wconf 91' lang='lat'><strong>“</strong></span> <span class='ocrx_word' id='word_1_185' title='bbox 748 1894 996 1950; x_wconf 81' lang='lat' dir='ltr'>Domino</span> <span class='ocrx_word' id='word_1_186' title='bbox 1024 1894 1305 1951; x_wconf 79' lang='lat' dir='ltr'><em>Clemente</em></span> <span class='ocrx_word' id='word_1_187' title='bbox 1335 1897 1631 1970; x_wconf 81' lang='lat' dir='ltr'>capellano</span> <span class='ocrx_word' id='word_1_188' title='bbox 1658 1899 1853 1956; x_wconf 69' lang='lat' dir='ltr'>hetam</span> <span class='ocrx_word' id='word_1_189' title='bbox 1884 1891 2365 1965; x_wconf 63' lang='grc' dir='ltr'>Θῇτίβῐίαηίίαῒίβ,</span> <span class='ocrx_word' id='word_1_190' title='bbox 2394 1896 2458 1952; x_wconf 80' lang='lat' dir='ltr'>de</span> <span class='ocrx_word' id='word_1_191' title='bbox 2486 1894 2840 1962; x_wconf 60' lang='lat' dir='ltr'>Stramemss’</span> <span class='ocrx_word' id='word_1_192' title='bbox 2872 1914 2924 1969; x_wconf 87' lang='lat' dir='ltr'>p.</span> <span class='ocrx_word' id='word_1_193' title='bbox 2942 1897 3080 1953; x_wconf 79' lang='lat'><strong>469.</strong></span> 
     </span>
     <span class='ocr_line' id='line_1_16' title="bbox 360 1985 3081 2060; baseline 0.001 -19"><span class='ocrx_word' id='word_1_194' title='bbox 360 1986 435 2041; x_wconf 94' lang='lat' dir='ltr'>So</span> <span class='ocrx_word' id='word_1_195' title='bbox 466 1988 585 2043; x_wconf 86' lang='lat' dir='ltr'>that</span> <span class='ocrx_word' id='word_1_196' title='bbox 615 1987 640 2040; x_wconf 91' lang='lat' dir='ltr'><strong>l</strong></span> <span class='ocrx_word' id='word_1_197' title='bbox 673 1985 836 2042; x_wconf 81' lang='lat' dir='ltr'>think</span> <span class='ocrx_word' id='word_1_198' title='bbox 863 2005 948 2042; x_wconf 86' lang='lat' dir='ltr'>we</span> <span class='ocrx_word' id='word_1_199' title='bbox 976 2005 1105 2060; x_wconf 91' lang='lat' dir='ltr'>may</span> <span class='ocrx_word' id='word_1_200' title='bbox 1131 1985 1405 2043; x_wconf 88' lang='lat' dir='ltr'>conclude</span> <span class='ocrx_word' id='word_1_201' title='bbox 1433 1986 1546 2043; x_wconf 88' lang='lat' dir='ltr'>this</span> <span class='ocrx_word' id='word_1_202' title='bbox 1574 1987 1699 2046; x_wconf 88' lang='lat' dir='ltr'>title</span> <span class='ocrx_word' id='word_1_203' title='bbox 1730 1998 1788 2044; x_wconf 88' lang='lat' dir='ltr'>to</span> <span class='ocrx_word' id='word_1_204' title='bbox 1816 1988 1961 2047; x_wconf 87' lang='lat' dir='ltr'>have</span> <span class='ocrx_word' id='word_1_205' title='bbox 1990 1990 2133 2045; x_wconf 89' lang='lat' dir='ltr'>been</span> <span class='ocrx_word' id='word_1_206' title='bbox 2174 1988 2267 2044; x_wconf 88' lang='lat' dir='ltr'>the</span> <span class='ocrx_word' id='word_1_207' title='bbox 2307 2004 2569 2044; x_wconf 90' lang='lat' dir='ltr'>common</span> <span class='ocrx_word' id='word_1_208' title='bbox 2596 2004 2705 2043; x_wconf 88' lang='lat' dir='ltr'>one</span> <span class='ocrx_word' id='word_1_209' title='bbox 2732 1986 2800 2043; x_wconf 87' lang='lat' dir='ltr'>of</span> <span class='ocrx_word' id='word_1_210' title='bbox 2825 1987 2917 2043; x_wconf 89' lang='lat' dir='ltr'>the</span> <span class='ocrx_word' id='word_1_211' title='bbox 2944 1987 3081 2043; x_wconf 65' lang='lat' dir='ltr'>bean</span> 
     </span>
     <span class='ocr_line' id='line_1_17' title="bbox 361 2074 1295 2134; baseline -0.003 0"><span class='ocrx_word' id='word_1_212' title='bbox 361 2074 516 2134; x_wconf 75' lang='lat' dir='ltr'>ruta!</span> <span class='ocrx_word' id='word_1_213' title='bbox 544 2076 611 2132; x_wconf 87' lang='lat' dir='ltr'>of</span> <span class='ocrx_word' id='word_1_214' title='bbox 630 2075 898 2132; x_wconf 87' lang='lat' dir='ltr'>Scotland</span> <span class='ocrx_word' id='word_1_215' title='bbox 926 2086 985 2131; x_wconf 91' lang='lat' dir='ltr'>at</span> <span class='ocrx_word' id='word_1_216' title='bbox 1011 2077 1123 2132; x_wconf 89' lang='lat' dir='ltr'>this</span> <span class='ocrx_word' id='word_1_217' title='bbox 1149 2076 1295 2133; x_wconf 86' lang='lat' dir='ltr'>date.</span> 
     </span>
    </p>

    <p class='ocr_par' dir='ltr' id='par_1_5' title="bbox 359 2165 3082 2340">
     <span class='ocr_line' id='line_1_18' title="bbox 441 2165 3082 2245; baseline -0 -21"><span class='ocrx_word' id='word_1_218' title='bbox 441 2168 565 2224; x_wconf 87' lang='lat' dir='ltr'>The</span> <span class='ocrx_word' id='word_1_219' title='bbox 614 2167 866 2241; x_wconf 71' lang='lat' dir='ltr'>Reyister</span> <span class='ocrx_word' id='word_1_220' title='bbox 916 2166 1140 2224; x_wconf 86' lang='lat' dir='ltr'>records</span> <span class='ocrx_word' id='word_1_221' title='bbox 1194 2168 1286 2224; x_wconf 87' lang='lat' dir='ltr'>the</span> <span class='ocrx_word' id='word_1_222' title='bbox 1342 2172 1375 2197; x_wconf 92' lang='lat'>“</span> <span class='ocrx_word' id='word_1_223' title='bbox 1397 2169 1746 2227; x_wconf 68' lang='lat' dir='ltr'>Taaeaciones</span> <span class='ocrx_word' id='word_1_224' title='bbox 1787 2169 2183 2245; x_wconf 68' lang='lat' dir='ltr'>beneficiorum</span> <span class='ocrx_word' id='word_1_225' title='bbox 2235 2170 2591 2245; x_wconf 76' lang='lat' dir='ltr'>episcopatus</span> <span class='ocrx_word' id='word_1_226' title='bbox 2648 2165 3082 2233; x_wconf 75' lang='lat' dir='ltr'>Moraviemis,”</span> 
     </span>
     <span class='ocr_line' id='line_1_19' title="bbox 359 2258 3077 2340; baseline 0.002 -25"><span class='ocrx_word' id='word_1_227' title='bbox 359 2265 394 2289; x_wconf 92' lang='lat'>“</span> <span class='ocrx_word' id='word_1_228' title='bbox 406 2258 900 2334; x_wconf 74' lang='lat' dir='ltr'>procuraciones‚”</span> <span class='ocrx_word' id='word_1_229' title='bbox 924 2258 1037 2317; x_wconf 90' lang='lat' dir='ltr'>and</span> <span class='ocrx_word' id='word_1_230' title='bbox 1067 2265 1098 2289; x_wconf 93' lang='lat'>“</span> <span class='ocrx_word' id='word_1_231' title='bbox 1121 2260 1517 2333; x_wconf 74' lang='lat' dir='ltr'>synodatica,’&#39;</span> <span class='ocrx_word' id='word_1_232' title='bbox 1540 2262 1656 2321; x_wconf 89' lang='lat' dir='ltr'>due</span> <span class='ocrx_word' id='word_1_233' title='bbox 1684 2274 1743 2320; x_wconf 92' lang='lat' dir='ltr'>to</span> <span class='ocrx_word' id='word_1_234' title='bbox 1770 2265 1862 2322; x_wconf 91' lang='lat' dir='ltr'>the</span> <span class='ocrx_word' id='word_1_235' title='bbox 1887 2263 2088 2340; x_wconf 86' lang='lat' dir='ltr'>bishop</span> <span class='ocrx_word' id='word_1_236' title='bbox 2117 2261 2299 2319; x_wconf 90' lang='lat' dir='ltr'>under</span> <span class='ocrx_word' id='word_1_237' title='bbox 2323 2262 2418 2319; x_wconf 88' lang='lat' dir='ltr'>the</span> <span class='ocrx_word' id='word_1_238' title='bbox 2445 2259 2620 2318; x_wconf 85' lang='lat' dir='ltr'>heads</span> <span class='ocrx_word' id='word_1_239' title='bbox 2647 2261 2715 2317; x_wconf 87' lang='lat' dir='ltr'>of</span> <span class='ocrx_word' id='word_1_240' title='bbox 2733 2262 3077 2321; x_wconf 60' lang='lat' dir='ltr'>“betanatttss</span> 
     </span>
    </p>
   </div>
   <div class='ocr_carea' id='block_1_5' title="bbox 359 2347 3078 2515">
    <p class='ocr_par' dir='ltr' id='par_1_6' title="bbox 359 2347 3078 2515">
     <span class='ocr_line' id='line_1_20' title="bbox 359 2347 3078 2429; baseline 0.001 -24"><span class='ocrx_word' id='word_1_241' title='bbox 359 2350 429 2406; x_wconf 90' lang='lat' dir='ltr'>de</span> <span class='ocrx_word' id='word_1_242' title='bbox 475 2347 1175 2425; x_wconf 66' lang='lat' dir='ltr'>Elgyne”—“h2tanatus</span> <span class='ocrx_word' id='word_1_243' title='bbox 1223 2350 1294 2409; x_wconf 90' lang='lat' dir='ltr'>de</span> <span class='ocrx_word' id='word_1_244' title='bbox 1333 2351 1766 2429; x_wconf 83' lang='lat' dir='ltr'>Invernys”—“</span> <span class='ocrx_word' id='word_1_245' title='bbox 1784 2355 2083 2415; x_wconf 65' lang='lat' dir='ltr'>hetanatus</span> <span class='ocrx_word' id='word_1_246' title='bbox 2110 2353 2180 2409; x_wconf 84' lang='lat' dir='ltr'>de</span> <span class='ocrx_word' id='word_1_247' title='bbox 2217 2350 2978 2429; x_wconf 64' lang='lat' dir='ltr'>Stratspee”—“D2tauatu3</span> <span class='ocrx_word' id='word_1_248' title='bbox 3007 2352 3078 2409; x_wconf 86' lang='lat' dir='ltr'>de</span> 
     </span>
     <span class='ocr_line' id='line_1_21' title="bbox 363 2438 1232 2515; baseline 0.003 -20"><span class='ocrx_word' id='word_1_249' title='bbox 363 2438 788 2515; x_wconf 84' lang='lat' dir='ltr'>Strathbolgy,’&#39;</span> <span class='ocrx_word' id='word_1_250' title='bbox 815 2457 908 2515; x_wconf 90' lang='lat' dir='ltr'>pp.</span> <span class='ocrx_word' id='word_1_251' title='bbox 931 2442 1067 2507; x_wconf 82' lang='lat'><strong>362,</strong></span> <span class='ocrx_word' id='word_1_252' title='bbox 1094 2460 1232 2515; x_wconf 87' lang='lat' dir='ltr'>seqq.</span> 
     </span>
    </p>
   </div>
   <div class='ocr_carea' id='block_1_6' title="bbox 860 2601 2603 2670">
    <p class='ocr_par' dir='ltr' id='par_1_7' title="bbox 860 2601 2603 2670">
     <span class='ocr_line' id='line_1_22' title="bbox 860 2601 2603 2670; baseline 0.001 -16"><span class='ocrx_word' id='word_1_253' title='bbox 860 2601 953 2670; x_wconf 89' lang='lat'><strong>(1.)</strong></span> <span class='ocrx_word' id='word_1_254' title='bbox 1036 2618 1280 2659; x_wconf 72' lang='lat' dir='ltr'>mommo</span> <span class='ocrx_word' id='word_1_255' title='bbox 1306 2621 1533 2660; x_wconf 59' lang='lat' dir='ltr'>com-ns</span> <span class='ocrx_word' id='word_1_256' title='bbox 1561 2620 1923 2660; x_wconf 60' lang='lat' dir='ltr'>occursuras</span> <span class='ocrx_word' id='word_1_257' title='bbox 1952 2621 2172 2659; x_wconf 62' lang='lat' dir='ltr'>‘reninis</span> <span class='ocrx_word' id='word_1_258' title='bbox 2201 2621 2275 2659; x_wconf 74' lang='lat' dir='ltr'>ns</span> <span class='ocrx_word' id='word_1_259' title='bbox 2304 2602 2603 2659; x_wconf 69' lang='lat' dir='ltr'>Kvummr.</span> 
     </span>
    </p>
   </div>
   <div class='ocr_carea' id='block_1_7' title="bbox 355 2710 3087 3796">
    <p class='ocr_par' dir='ltr' id='par_1_8' title="bbox 355 2710 3087 3796">
     <span class='ocr_line' id='line_1_23' title="bbox 458 2710 3080 2789; baseline 0.002 -23"><span class='ocrx_word' id='word_1_260' title='bbox 458 2710 786 2767; x_wconf 86' lang='lat' dir='ltr'>Willelmus</span> <span class='ocrx_word' id='word_1_261' title='bbox 842 2711 1201 2770; x_wconf 85' lang='lat' dir='ltr'>miseratione</span> <span class='ocrx_word' id='word_1_262' title='bbox 1246 2711 1442 2770; x_wconf 88' lang='lat' dir='ltr'>divina</span> <span class='ocrx_word' id='word_1_263' title='bbox 1487 2712 1788 2789; x_wconf 86' lang='lat' dir='ltr'>episcopus</span> <span class='ocrx_word' id='word_1_264' title='bbox 1842 2713 2222 2770; x_wconf 84' lang='lat' dir='ltr'>Moraviensis</span> <span class='ocrx_word' id='word_1_265' title='bbox 2272 2712 2506 2770; x_wconf 89' lang='lat' dir='ltr'>domino</span> <span class='ocrx_word' id='word_1_266' title='bbox 2561 2712 2828 2770; x_wconf 87' lang='lat' dir='ltr'>Donaldo</span> <span class='ocrx_word' id='word_1_267' title='bbox 2881 2714 3080 2770; x_wconf 67' lang='lat' dir='ltr'>hetano</span> 
     </span>
     <span class='ocr_line' id='line_1_24' title="bbox 358 2797 3082 2881; baseline 0 -23"><span class='ocrx_word' id='word_1_268' title='bbox 358 2797 827 2867; x_wconf 62' lang='lat' dir='ltr'>OEbdstianitatiss</span> <span class='ocrx_word' id='word_1_269' title='bbox 856 2803 926 2860; x_wconf 91' lang='lat' dir='ltr'>de</span> <span class='ocrx_word' id='word_1_270' title='bbox 958 2803 1268 2881; x_wconf 87' lang='lat' dir='ltr'>Inuernyss</span> <span class='ocrx_word' id='word_1_271' title='bbox 1308 2815 1363 2862; x_wconf 90' lang='lat' dir='ltr'>et</span> <span class='ocrx_word' id='word_1_272' title='bbox 1390 2806 1682 2881; x_wconf 86' lang='lat' dir='ltr'>capellano</span> <span class='ocrx_word' id='word_1_273' title='bbox 1711 2803 2026 2880; x_wconf 79' lang='lat' dir='ltr'>parochiali</span> <span class='ocrx_word' id='word_1_274' title='bbox 2064 2805 2298 2863; x_wconf 86' lang='lat' dir='ltr'>ecclesie</span> <span class='ocrx_word' id='word_1_275' title='bbox 2338 2806 2408 2862; x_wconf 90' lang='lat' dir='ltr'>de</span> <span class='ocrx_word' id='word_1_276' title='bbox 2441 2805 2750 2880; x_wconf 88' lang='lat' dir='ltr'>Inuernyss</span> <span class='ocrx_word' id='word_1_277' title='bbox 2789 2814 2845 2860; x_wconf 91' lang='lat' dir='ltr'>et</span> <span class='ocrx_word' id='word_1_278' title='bbox 2884 2823 3082 2862; x_wconf 90' lang='lat' dir='ltr'>eorum</span> 
     </span>
     <span class='ocr_line' id='line_1_25' title="bbox 357 2892 3080 2971; baseline 0.002 -24"><span class='ocrx_word' id='word_1_279' title='bbox 357 2892 595 2949; x_wconf 86' lang='lat' dir='ltr'>cuilibet</span> <span class='ocrx_word' id='word_1_280' title='bbox 634 2894 875 2951; x_wconf 86' lang='lat' dir='ltr'>salutem</span> <span class='ocrx_word' id='word_1_281' title='bbox 916 2895 980 2951; x_wconf 90' lang='lat' dir='ltr'>in</span> <span class='ocrx_word' id='word_1_282' title='bbox 1008 2897 1265 2953; x_wconf 84' lang='lat' dir='ltr'>Domino</span> <span class='ocrx_word' id='word_1_283' title='bbox 1307 2906 1363 2953; x_wconf 86' lang='lat' dir='ltr'>et</span> <span class='ocrx_word' id='word_1_284' title='bbox 1403 2896 1713 2971; x_wconf 85' lang='lat' dir='ltr'>diligenter</span> <span class='ocrx_word' id='word_1_285' title='bbox 1753 2896 2039 2953; x_wconf 86' lang='lat' dir='ltr'>attendere</span> <span class='ocrx_word' id='word_1_286' title='bbox 2080 2905 2136 2953; x_wconf 86' lang='lat' dir='ltr'>et</span> <span class='ocrx_word' id='word_1_287' title='bbox 2177 2895 2378 2971; x_wconf 81' lang='lat' dir='ltr'>exequi</span> <span class='ocrx_word' id='word_1_288' title='bbox 2421 2895 2790 2971; x_wconf 85' lang='lat' dir='ltr'>infrascripta.</span> <span class='ocrx_word' id='word_1_289' title='bbox 2874 2895 3080 2970; x_wconf 87' lang='lat' dir='ltr'>Nuper</span> 
     </span>
     <span class='ocr_line' id='line_1_26' title="bbox 355 2981 3080 3063; baseline 0.001 -25"><span class='ocrx_word' id='word_1_290' title='bbox 355 2981 718 3057; x_wconf 82' lang='lat' dir='ltr'>displicenter</span> <span class='ocrx_word' id='word_1_291' title='bbox 755 2986 1084 3062; x_wconf 88' lang='lat' dir='ltr'>accepimus</span> <span class='ocrx_word' id='word_1_292' title='bbox 1111 2986 1268 3060; x_wconf 90' lang='lat' dir='ltr'>quod</span> <span class='ocrx_word' id='word_1_293' title='bbox 1297 2987 1635 3063; x_wconf 84' lang='lat' dir='ltr'>magnificus</span> <span class='ocrx_word' id='word_1_294' title='bbox 1662 2988 1751 3045; x_wconf 87' lang='lat' dir='ltr'>vir</span> <span class='ocrx_word' id='word_1_295' title='bbox 1777 2997 1835 3044; x_wconf 92' lang='lat' dir='ltr'>et</span> <span class='ocrx_word' id='word_1_296' title='bbox 1878 2999 2078 3063; x_wconf 90' lang='lat' dir='ltr'>potens</span> <span class='ocrx_word' id='word_1_297' title='bbox 2105 2988 2429 3046; x_wconf 80' lang='lat' dir='ltr'>Alexander</span> <span class='ocrx_word' id='word_1_298' title='bbox 2454 2987 2526 3044; x_wconf 88' lang='lat' dir='ltr'>de</span> <span class='ocrx_word' id='word_1_299' title='bbox 2568 2985 2783 3044; x_wconf 88' lang='lat' dir='ltr'>Insulis</span> <span class='ocrx_word' id='word_1_300' title='bbox 2811 2986 3080 3044; x_wconf 88' lang='lat' dir='ltr'>dominus</span> 
     </span>
     <span class='ocr_line' id='line_1_27' title="bbox 360 3075 3081 3156; baseline 0.001 -26"><span class='ocrx_word' id='word_1_301' title='bbox 360 3075 430 3131; x_wconf 88' lang='lat' dir='ltr'>de</span> <span class='ocrx_word' id='word_1_302' title='bbox 473 3075 769 3133; x_wconf 87' lang='lat' dir='ltr'>Lochabre</span> <span class='ocrx_word' id='word_1_303' title='bbox 801 3078 1158 3151; x_wconf 88' lang='lat' dir='ltr'>quorundam</span> <span class='ocrx_word' id='word_1_304' title='bbox 1203 3079 1465 3136; x_wconf 90' lang='lat' dir='ltr'>seductus</span> <span class='ocrx_word' id='word_1_305' title='bbox 1494 3079 1735 3136; x_wconf 87' lang='lat' dir='ltr'>consilio</span> <span class='ocrx_word' id='word_1_306' title='bbox 1774 3079 1907 3136; x_wconf 86' lang='lat' dir='ltr'>licet</span> <span class='ocrx_word' id='word_1_307' title='bbox 1949 3080 2018 3137; x_wconf 91' lang='lat' dir='ltr'>de</span> <span class='ocrx_word' id='word_1_308' title='bbox 2050 3080 2183 3152; x_wconf 88' lang='lat' dir='ltr'>jure</span> <span class='ocrx_word' id='word_1_309' title='bbox 2224 3100 2339 3137; x_wconf 92' lang='lat' dir='ltr'>non</span> <span class='ocrx_word' id='word_1_310' title='bbox 2368 3088 2558 3156; x_wconf 73' lang='lat' dir='ltr'>posset</span> <span class='ocrx_word' id='word_1_311' title='bbox 2598 3077 2667 3135; x_wconf 89' lang='lat' dir='ltr'>de</span> <span class='ocrx_word' id='word_1_312' title='bbox 2708 3078 2855 3135; x_wconf 88' lang='lat' dir='ltr'>facto</span> <span class='ocrx_word' id='word_1_313' title='bbox 2894 3087 3081 3134; x_wconf 89' lang='lat' dir='ltr'>tamen</span> 
     </span>
     <span class='ocr_line' id='line_1_28' title="bbox 357 3165 3080 3246; baseline 0.001 -23"><span class='ocrx_word' id='word_1_314' title='bbox 357 3165 593 3224; x_wconf 84' lang='lat' dir='ltr'>donavit</span> <span class='ocrx_word' id='word_1_315' title='bbox 623 3176 829 3225; x_wconf 87' lang='lat' dir='ltr'>terram</span> <span class='ocrx_word' id='word_1_316' title='bbox 860 3169 931 3226; x_wconf 90' lang='lat' dir='ltr'>de</span> <span class='ocrx_word' id='word_1_317' title='bbox 963 3170 1255 3246; x_wconf 83' lang='lat' dir='ltr'>Kynmyly</span> <span class='ocrx_word' id='word_1_318' title='bbox 1278 3170 1568 3245; x_wconf 86' lang='lat' dir='ltr'>superiore</span> <span class='ocrx_word' id='word_1_319' title='bbox 1597 3169 1899 3246; x_wconf 76' lang='lat' dir='ltr'>Raynaldo</span> <span class='ocrx_word' id='word_1_320' title='bbox 1925 3170 2059 3226; x_wconf 89' lang='lat' dir='ltr'>Mac</span> <span class='ocrx_word' id='word_1_321' title='bbox 2088 3171 2486 3246; x_wconf 81' lang='lat' dir='ltr'>Alyschandir.</span> <span class='ocrx_word' id='word_1_322' title='bbox 2507 3180 2562 3228; x_wconf 97' lang='lat' dir='ltr'>et</span> <span class='ocrx_word' id='word_1_323' title='bbox 2587 3181 2791 3228; x_wconf 90' lang='lat' dir='ltr'>terram</span> <span class='ocrx_word' id='word_1_324' title='bbox 2819 3169 2889 3226; x_wconf 91' lang='lat' dir='ltr'>de</span> <span class='ocrx_word' id='word_1_325' title='bbox 2918 3170 3080 3245; x_wconf 89' lang='lat' dir='ltr'>Kyn-</span> 
     </span>
     <span class='ocr_line' id='line_1_29' title="bbox 359 3257 3083 3338; baseline 0.001 -25"><span class='ocrx_word' id='word_1_326' title='bbox 359 3259 517 3333; x_wconf 89' lang='lat' dir='ltr'>myly</span> <span class='ocrx_word' id='word_1_327' title='bbox 537 3257 804 3317; x_wconf 85' lang='lat' dir='ltr'>inferiore</span> <span class='ocrx_word' id='word_1_328' title='bbox 826 3261 864 3317; x_wconf 87' lang='lat' dir='ltr'>J</span> <span class='ocrx_word' id='word_1_329' title='bbox 869 3261 1081 3317; x_wconf 85' lang='lat' dir='ltr'>ohanni</span> <span class='ocrx_word' id='word_1_330' title='bbox 1110 3261 1180 3319; x_wconf 90' lang='lat' dir='ltr'>de</span> <span class='ocrx_word' id='word_1_331' title='bbox 1209 3262 1509 3319; x_wconf 89' lang='lat' dir='ltr'>Cheshelm</span> <span class='ocrx_word' id='word_1_332' title='bbox 1537 3262 1606 3320; x_wconf 89' lang='lat' dir='ltr'>de</span> <span class='ocrx_word' id='word_1_333' title='bbox 1634 3264 1688 3321; x_wconf 90' lang='lat' dir='ltr'>le</span> <span class='ocrx_word' id='word_1_334' title='bbox 1715 3262 1884 3321; x_wconf 87' lang='lat' dir='ltr'>Arde.</span> <span class='ocrx_word' id='word_1_335' title='bbox 1912 3271 1970 3319; x_wconf 90' lang='lat' dir='ltr'>et</span> <span class='ocrx_word' id='word_1_336' title='bbox 1997 3263 2230 3338; x_wconf 85' lang='lat' dir='ltr'>yharam</span> <span class='ocrx_word' id='word_1_337' title='bbox 2257 3262 2327 3320; x_wconf 91' lang='lat' dir='ltr'>de</span> <span class='ocrx_word' id='word_1_338' title='bbox 2356 3263 2652 3338; x_wconf 82' lang='lat' dir='ltr'>Kynmyly</span> <span class='ocrx_word' id='word_1_339' title='bbox 2680 3260 2942 3318; x_wconf 89' lang='lat' dir='ltr'>inferiore</span> <span class='ocrx_word' id='word_1_340' title='bbox 2979 3280 3083 3317; x_wconf 86' lang='lat' dir='ltr'>seu</span> 
     </span>
     <span class='ocr_line' id='line_1_30' title="bbox 358 3348 3086 3430; baseline 0.002 -26"><span class='ocrx_word' id='word_1_341' title='bbox 358 3348 543 3423; x_wconf 87' lang='lat' dir='ltr'>ipsius</span> <span class='ocrx_word' id='word_1_342' title='bbox 583 3351 903 3408; x_wconf 81' lang='lat' dir='ltr'>custodiam</span> <span class='ocrx_word' id='word_1_343' title='bbox 944 3353 985 3409; x_wconf 84' lang='lat' dir='ltr'><strong>J</strong></span> <span class='ocrx_word' id='word_1_344' title='bbox 989 3353 1198 3410; x_wconf 86' lang='lat' dir='ltr'>ohanni</span> <span class='ocrx_word' id='word_1_345' title='bbox 1226 3353 1465 3430; x_wconf 81' lang='lat' dir='ltr'>Qwhyte</span> <span class='ocrx_word' id='word_1_346' title='bbox 1505 3353 1778 3430; x_wconf 86' lang='lat' dir='ltr'>burgensi</span> <span class='ocrx_word' id='word_1_347' title='bbox 1818 3355 1888 3412; x_wconf 89' lang='lat' dir='ltr'>de</span> <span class='ocrx_word' id='word_1_348' title='bbox 1918 3354 2239 3429; x_wconf 84' lang='lat' dir='ltr'>Inuernyss.</span> <span class='ocrx_word' id='word_1_349' title='bbox 2268 3373 2382 3428; x_wconf 88' lang='lat' dir='ltr'>que</span> <span class='ocrx_word' id='word_1_350' title='bbox 2422 3365 2569 3411; x_wconf 86' lang='lat' dir='ltr'>terre</span> <span class='ocrx_word' id='word_1_351' title='bbox 2608 3362 2664 3410; x_wconf 91' lang='lat' dir='ltr'>et</span> <span class='ocrx_word' id='word_1_352' title='bbox 2690 3353 2826 3410; x_wconf 83' lang='lat' dir='ltr'>ville</span> <span class='ocrx_word' id='word_1_353' title='bbox 2854 3353 3086 3410; x_wconf 86' lang='lat' dir='ltr'>fuerunt</span> 
     </span>
     <span class='ocr_line' id='line_1_31' title="bbox 359 3443 3083 3521; baseline 0.001 -26"><span class='ocrx_word' id='word_1_354' title='bbox 359 3449 417 3495; x_wconf 92' lang='lat' dir='ltr'>et</span> <span class='ocrx_word' id='word_1_355' title='bbox 443 3450 575 3496; x_wconf 89' lang='lat' dir='ltr'>sunt</span> <span class='ocrx_word' id='word_1_356' title='bbox 602 3461 734 3498; x_wconf 90' lang='lat' dir='ltr'>cum</span> <span class='ocrx_word' id='word_1_357' title='bbox 760 3443 933 3517; x_wconf 86' lang='lat' dir='ltr'>yhara</span> <span class='ocrx_word' id='word_1_358' title='bbox 960 3444 1217 3519; x_wconf 86' lang='lat' dir='ltr'>predicta</span> <span class='ocrx_word' id='word_1_359' title='bbox 1243 3455 1301 3502; x_wconf 90' lang='lat' dir='ltr'>et</span> <span class='ocrx_word' id='word_1_360' title='bbox 1326 3445 1684 3521; x_wconf 80' lang='lat' dir='ltr'>pertinentiis</span> <span class='ocrx_word' id='word_1_361' title='bbox 1710 3445 1841 3502; x_wconf 86' lang='lat' dir='ltr'>aliis</span> <span class='ocrx_word' id='word_1_362' title='bbox 1876 3444 2109 3503; x_wconf 61' lang='lat' dir='ltr'>ecclesie</span> <span class='ocrx_word' id='word_1_363' title='bbox 2142 3444 2522 3503; x_wconf 87' lang='lat' dir='ltr'>Moraviensis</span> <span class='ocrx_word' id='word_1_364' title='bbox 2554 3454 2612 3502; x_wconf 86' lang='lat' dir='ltr'>et</span> <span class='ocrx_word' id='word_1_365' title='bbox 2649 3444 2721 3500; x_wconf 85' lang='lat' dir='ltr'>ad</span> <span class='ocrx_word' id='word_1_366' title='bbox 2748 3444 2927 3518; x_wconf 88' lang='lat' dir='ltr'>ipsam</span> <span class='ocrx_word' id='word_1_367' title='bbox 2958 3463 3083 3520; x_wconf 91' lang='lat' dir='ltr'>per-</span> 
     </span>
     <span class='ocr_line' id='line_1_32' title="bbox 360 3530 3085 3610; baseline 0.002 -24"><span class='ocrx_word' id='word_1_368' title='bbox 360 3530 663 3587; x_wconf 89' lang='lat' dir='ltr'>tinuerunt</span> <span class='ocrx_word' id='word_1_369' title='bbox 692 3552 729 3588; x_wconf 86' lang='lat' dir='ltr'>a</span> <span class='ocrx_word' id='word_1_370' title='bbox 768 3543 1017 3610; x_wconf 87' lang='lat' dir='ltr'>tempore</span> <span class='ocrx_word' id='word_1_371' title='bbox 1043 3535 1114 3594; x_wconf 89' lang='lat' dir='ltr'>de</span> <span class='ocrx_word' id='word_1_372' title='bbox 1143 3537 1307 3609; x_wconf 86' lang='lat' dir='ltr'>cujus</span> <span class='ocrx_word' id='word_1_373' title='bbox 1334 3537 1502 3596; x_wconf 89' lang='lat' dir='ltr'>initio</span> <span class='ocrx_word' id='word_1_374' title='bbox 1532 3537 1804 3595; x_wconf 89' lang='lat' dir='ltr'>memoria</span> <span class='ocrx_word' id='word_1_375' title='bbox 1837 3536 2135 3594; x_wconf 90' lang='lat' dir='ltr'>hominum</span> <span class='ocrx_word' id='word_1_376' title='bbox 2175 3537 2238 3593; x_wconf 89' lang='lat' dir='ltr'>in</span> <span class='ocrx_word' id='word_1_377' title='bbox 2264 3537 2613 3595; x_wconf 88' lang='lat' dir='ltr'>contrarium</span> <span class='ocrx_word' id='word_1_378' title='bbox 2640 3555 2755 3593; x_wconf 90' lang='lat' dir='ltr'>non</span> <span class='ocrx_word' id='word_1_379' title='bbox 2783 3534 2986 3592; x_wconf 84' lang='lat' dir='ltr'>existit.</span> <span class='ocrx_word' id='word_1_380' title='bbox 3014 3555 3085 3592; x_wconf 84' lang='lat' dir='ltr'>ex</span> 
     </span>
     <span class='ocr_line' id='line_1_33' title="bbox 358 3621 3087 3705; baseline 0.003 -28"><span class='ocrx_word' id='word_1_381' title='bbox 358 3621 666 3695; x_wconf 84' lang='lat' dir='ltr'>largitione</span> <span class='ocrx_word' id='word_1_382' title='bbox 709 3622 1022 3681; x_wconf 85' lang='lat' dir='ltr'>Alexandri</span> <span class='ocrx_word' id='word_1_383' title='bbox 1074 3626 1229 3701; x_wconf 84' lang='lat' dir='ltr'>regis</span> <span class='ocrx_word' id='word_1_384' title='bbox 1277 3627 1483 3685; x_wconf 90' lang='lat' dir='ltr'>Scotie.</span> <span class='ocrx_word' id='word_1_385' title='bbox 1536 3638 1593 3684; x_wconf 90' lang='lat' dir='ltr'>et</span> <span class='ocrx_word' id='word_1_386' title='bbox 1635 3628 1698 3684; x_wconf 89' lang='lat' dir='ltr'>in</span> <span class='ocrx_word' id='word_1_387' title='bbox 1752 3648 1998 3703; x_wconf 82' lang='lat' dir='ltr'>quarum</span> <span class='ocrx_word' id='word_1_388' title='bbox 2042 3627 2395 3705; x_wconf 87' lang='lat' dir='ltr'>possessione</span> <span class='ocrx_word' id='word_1_389' title='bbox 2448 3628 2858 3704; x_wconf 59' lang='lat' dir='ltr'>predecessores</span> <span class='ocrx_word' id='word_1_390' title='bbox 2904 3626 3087 3685; x_wconf 86' lang='lat' dir='ltr'>nostri</span> 
     </span>
     <span class='ocr_line' id='line_1_34' title="bbox 359 3710 3087 3796; baseline 0.002 -28"><span class='ocrx_word' id='word_1_391' title='bbox 359 3710 609 3789; x_wconf 87' lang='lat' dir='ltr'>episcopi</span> <span class='ocrx_word' id='word_1_392' title='bbox 638 3713 1029 3773; x_wconf 87' lang='lat' dir='ltr'>Moravienses</span> <span class='ocrx_word' id='word_1_393' title='bbox 1057 3717 1290 3775; x_wconf 85' lang='lat' dir='ltr'>fuerunt</span> <span class='ocrx_word' id='word_1_394' title='bbox 1316 3728 1372 3775; x_wconf 88' lang='lat' dir='ltr'>et</span> <span class='ocrx_word' id='word_1_395' title='bbox 1398 3738 1502 3776; x_wconf 87' lang='lat' dir='ltr'>nos</span> <span class='ocrx_word' id='word_1_396' title='bbox 1543 3737 1645 3793; x_wconf 87' lang='lat' dir='ltr'>pro</span> <span class='ocrx_word' id='word_1_397' title='bbox 1672 3729 1922 3796; x_wconf 87' lang='lat' dir='ltr'>tempore</span> <span class='ocrx_word' id='word_1_398' title='bbox 1961 3730 2157 3778; x_wconf 90' lang='lat' dir='ltr'>nostro</span> <span class='ocrx_word' id='word_1_399' title='bbox 2183 3719 2402 3777; x_wconf 87' lang='lat' dir='ltr'>fuimus</span> <span class='ocrx_word' id='word_1_400' title='bbox 2443 3730 2499 3777; x_wconf 90' lang='lat' dir='ltr'>et</span> <span class='ocrx_word' id='word_1_401' title='bbox 2532 3737 2732 3776; x_wconf 89' lang='lat' dir='ltr'>sumus</span> <span class='ocrx_word' id='word_1_402' title='bbox 2771 3718 3004 3795; x_wconf 86' lang='lat' dir='ltr'>pacifice</span> <span class='ocrx_word' id='word_1_403' title='bbox 3030 3727 3087 3776; x_wconf 93' lang='lat' dir='ltr'>et</span> 
     </span>
    </p>
   </div>
   <div class='ocr_carea' id='block_1_8' title="bbox 360 3805 3084 4431">
    <p class='ocr_par' dir='ltr' id='par_1_9' title="bbox 360 3805 3084 4431">
     <span class='ocr_line' id='line_1_35' title="bbox 363 3805 3083 3887; baseline 0.002 -27"><span class='ocrx_word' id='word_1_404' title='bbox 363 3805 554 3878; x_wconf 87' lang='lat' dir='ltr'>quiete</span> <span class='ocrx_word' id='word_1_405' title='bbox 581 3806 738 3863; x_wconf 86' lang='lat' dir='ltr'>salva</span> <span class='ocrx_word' id='word_1_406' title='bbox 765 3808 1012 3882; x_wconf 87' lang='lat' dir='ltr'>presenti</span> <span class='ocrx_word' id='word_1_407' title='bbox 1039 3809 1441 3867; x_wconf 86' lang='lat' dir='ltr'>controversia.</span> <span class='ocrx_word' id='word_1_408' title='bbox 1520 3810 1617 3867; x_wconf 90' lang='lat' dir='ltr'>Ne</span> <span class='ocrx_word' id='word_1_409' title='bbox 1650 3810 1827 3886; x_wconf 83' lang='lat' dir='ltr'>igitur</span> <span class='ocrx_word' id='word_1_410' title='bbox 1860 3821 2086 3867; x_wconf 87' lang='lat' dir='ltr'>tantum</span> <span class='ocrx_word' id='word_1_411' title='bbox 2122 3811 2339 3867; x_wconf 84' lang='lat' dir='ltr'>malum</span> <span class='ocrx_word' id='word_1_412' title='bbox 2378 3809 2442 3867; x_wconf 89' lang='lat' dir='ltr'>in</span> <span class='ocrx_word' id='word_1_413' title='bbox 2469 3810 2781 3886; x_wconf 88' lang='lat' dir='ltr'>dampnum</span> <span class='ocrx_word' id='word_1_414' title='bbox 2808 3820 2864 3868; x_wconf 90' lang='lat' dir='ltr'>et</span> <span class='ocrx_word' id='word_1_415' title='bbox 2894 3810 3083 3887; x_wconf 87' lang='lat' dir='ltr'>preju-</span> 
     </span>
     <span class='ocr_line' id='line_1_36' title="bbox 361 3894 3083 3979; baseline 0.003 -29"><span class='ocrx_word' id='word_1_416' title='bbox 361 3894 577 3951; x_wconf 88' lang='lat' dir='ltr'>dicium</span> <span class='ocrx_word' id='word_1_417' title='bbox 617 3896 850 3955; x_wconf 72' lang='lat' dir='ltr'>ecclaeie</span> <span class='ocrx_word' id='word_1_418' title='bbox 890 3910 1078 3958; x_wconf 89' lang='lat' dir='ltr'>nostre</span> <span class='ocrx_word' id='word_1_419' title='bbox 1120 3911 1176 3958; x_wconf 88' lang='lat' dir='ltr'>et</span> <span class='ocrx_word' id='word_1_420' title='bbox 1217 3912 1476 3959; x_wconf 89' lang='lat' dir='ltr'>nostrum</span> <span class='ocrx_word' id='word_1_421' title='bbox 1518 3913 1575 3959; x_wconf 92' lang='lat' dir='ltr'>et</span> <span class='ocrx_word' id='word_1_422' title='bbox 1630 3900 1690 3959; x_wconf 90' lang='lat' dir='ltr'>in</span> <span class='ocrx_word' id='word_1_423' title='bbox 1745 3901 2126 3978; x_wconf 89' lang='lat' dir='ltr'>prejudicium</span> <span class='ocrx_word' id='word_1_424' title='bbox 2179 3901 2505 3961; x_wconf 87' lang='lat' dir='ltr'>donationis</span> <span class='ocrx_word' id='word_1_425' title='bbox 2559 3901 2714 3979; x_wconf 85' lang='lat' dir='ltr'>regie</span> <span class='ocrx_word' id='word_1_426' title='bbox 2760 3902 3083 3961; x_wconf 85' lang='lat' dir='ltr'>invalescat.</span> 
     </span>
     <span class='ocr_line' id='line_1_37' title="bbox 364 3984 3084 4070; baseline 0.003 -30"><span class='ocrx_word' id='word_1_427' title='bbox 364 3984 546 4043; x_wconf 89' lang='lat' dir='ltr'>Vobis</span> <span class='ocrx_word' id='word_1_428' title='bbox 572 3997 627 4043; x_wconf 92' lang='lat' dir='ltr'>et</span> <span class='ocrx_word' id='word_1_429' title='bbox 654 3997 906 4046; x_wconf 87' lang='lat' dir='ltr'>vestrum</span> <span class='ocrx_word' id='word_1_430' title='bbox 934 3991 1176 4048; x_wconf 90' lang='lat' dir='ltr'>cuilibet</span> <span class='ocrx_word' id='word_1_431' title='bbox 1202 3992 1310 4049; x_wconf 86' lang='lat' dir='ltr'>sub</span> <span class='ocrx_word' id='word_1_432' title='bbox 1337 4011 1485 4068; x_wconf 87' lang='lat' dir='ltr'>pena</span> <span class='ocrx_word' id='word_1_433' title='bbox 1512 3992 1787 4050; x_wconf 83' lang='lat' dir='ltr'>canonica</span> <span class='ocrx_word' id='word_1_434' title='bbox 1811 3992 2176 4070; x_wconf 87' lang='lat' dir='ltr'>injungimus</span> <span class='ocrx_word' id='word_1_435' title='bbox 2203 4002 2261 4051; x_wconf 89' lang='lat' dir='ltr'>et</span> <span class='ocrx_word' id='word_1_436' title='bbox 2288 3992 2625 4051; x_wconf 87' lang='lat' dir='ltr'>mandamus</span> <span class='ocrx_word' id='word_1_437' title='bbox 2651 4005 2932 4069; x_wconf 87' lang='lat' dir='ltr'>quatenus</span> <span class='ocrx_word' id='word_1_438' title='bbox 2959 4011 3084 4068; x_wconf 87' lang='lat' dir='ltr'>pre·</span> 
     </span>
     <span class='ocr_line' id='line_1_38' title="bbox 360 4075 3083 4159; baseline 0.003 -27"><span class='ocrx_word' id='word_1_439' title='bbox 360 4075 527 4134; x_wconf 87' lang='lat' dir='ltr'>dictis</span> <span class='ocrx_word' id='word_1_440' title='bbox 555 4077 855 4151; x_wconf 84' lang='lat' dir='ltr'>Raynaldo</span> <span class='ocrx_word' id='word_1_441' title='bbox 880 4089 936 4137; x_wconf 91' lang='lat' dir='ltr'>et</span> <span class='ocrx_word' id='word_1_442' title='bbox 961 4080 1002 4136; x_wconf 84' lang='lat' dir='ltr'><strong>J</strong></span> <span class='ocrx_word' id='word_1_443' title='bbox 1006 4081 1218 4138; x_wconf 85' lang='lat' dir='ltr'>ohanni</span> <span class='ocrx_word' id='word_1_444' title='bbox 1247 4091 1304 4138; x_wconf 90' lang='lat' dir='ltr'>et</span> <span class='ocrx_word' id='word_1_445' title='bbox 1332 4102 1531 4140; x_wconf 90' lang='lat' dir='ltr'>eorum</span> <span class='ocrx_word' id='word_1_446' title='bbox 1559 4083 2022 4159; x_wconf 87' lang='lat' dir='ltr'>procuratoribus</span> <span class='ocrx_word' id='word_1_447' title='bbox 2050 4104 2150 4142; x_wconf 90' lang='lat' dir='ltr'>seu</span> <span class='ocrx_word' id='word_1_448' title='bbox 2179 4084 2476 4142; x_wconf 88' lang='lat' dir='ltr'>attornatis</span> <span class='ocrx_word' id='word_1_449' title='bbox 2503 4083 2550 4140; x_wconf 90' lang='lat' dir='ltr'>si</span> <span class='ocrx_word' id='word_1_450' title='bbox 2577 4103 2722 4158; x_wconf 90' lang='lat' dir='ltr'>quos</span> <span class='ocrx_word' id='word_1_451' title='bbox 2761 4085 2969 4141; x_wconf 86' lang='lat' dir='ltr'>habent</span> <span class='ocrx_word' id='word_1_452' title='bbox 2995 4083 3083 4139; x_wconf 93' lang='lat' dir='ltr'>in-</span> 
     </span>
     <span class='ocr_line' id='line_1_39' title="bbox 362 4165 3083 4251; baseline 0.002 -29"><span class='ocrx_word' id='word_1_453' title='bbox 362 4165 604 4223; x_wconf 89' lang='lat' dir='ltr'>hibeatis</span> <span class='ocrx_word' id='word_1_454' title='bbox 633 4178 688 4224; x_wconf 92' lang='lat' dir='ltr'>et</span> <span class='ocrx_word' id='word_1_455' title='bbox 713 4181 963 4227; x_wconf 86' lang='lat' dir='ltr'>vestrum</span> <span class='ocrx_word' id='word_1_456' title='bbox 990 4171 1239 4245; x_wconf 87' lang='lat' dir='ltr'>quilibet</span> <span class='ocrx_word' id='word_1_457' title='bbox 1267 4172 1521 4230; x_wconf 84' lang='lat' dir='ltr'>inhibeat</span> <span class='ocrx_word' id='word_1_458' title='bbox 1547 4175 1654 4231; x_wconf 90' lang='lat' dir='ltr'>sub</span> <span class='ocrx_word' id='word_1_459' title='bbox 1682 4194 1829 4251; x_wconf 87' lang='lat' dir='ltr'>pena</span> <span class='ocrx_word' id='word_1_460' title='bbox 1865 4174 2469 4233; x_wconf 82' lang='lat' dir='ltr'>excommunicationis</span> <span class='ocrx_word' id='word_1_461' title='bbox 2509 4195 2581 4232; x_wconf 90' lang='lat' dir='ltr'>ne</span> <span class='ocrx_word' id='word_1_462' title='bbox 2621 4175 2690 4232; x_wconf 95' lang='lat' dir='ltr'>de</span> <span class='ocrx_word' id='word_1_463' title='bbox 2725 4174 2890 4231; x_wconf 86' lang='lat' dir='ltr'>dictis</span> <span class='ocrx_word' id='word_1_464' title='bbox 2918 4172 3083 4230; x_wconf 88' lang='lat' dir='ltr'>terris</span> 
     </span>
     <span class='ocr_line' id='line_1_40' title="bbox 364 4258 3081 4340; baseline 0.003 -28"><span class='ocrx_word' id='word_1_465' title='bbox 364 4258 454 4314; x_wconf 87' lang='lat' dir='ltr'>vel</span> <span class='ocrx_word' id='word_1_466' title='bbox 480 4277 674 4316; x_wconf 89' lang='lat' dir='ltr'>earum</span> <span class='ocrx_word' id='word_1_467' title='bbox 706 4259 1023 4317; x_wconf 90' lang='lat' dir='ltr'>redditibus</span> <span class='ocrx_word' id='word_1_468' title='bbox 1055 4262 1147 4318; x_wconf 87' lang='lat' dir='ltr'>vel</span> <span class='ocrx_word' id='word_1_469' title='bbox 1175 4262 1244 4319; x_wconf 90' lang='lat' dir='ltr'>de</span> <span class='ocrx_word' id='word_1_470' title='bbox 1274 4262 1424 4319; x_wconf 90' lang='lat' dir='ltr'>dicta</span> <span class='ocrx_word' id='word_1_471' title='bbox 1464 4265 1637 4338; x_wconf 84' lang='lat' dir='ltr'>yhara</span> <span class='ocrx_word' id='word_1_472' title='bbox 1662 4283 1721 4321; x_wconf 87' lang='lat' dir='ltr'>se</span> <span class='ocrx_word' id='word_1_473' title='bbox 1762 4264 2139 4321; x_wconf 87' lang='lat' dir='ltr'>intromittant</span> <span class='ocrx_word' id='word_1_474' title='bbox 2166 4265 2264 4322; x_wconf 89' lang='lat' dir='ltr'>sed</span> <span class='ocrx_word' id='word_1_475' title='bbox 2307 4264 2638 4340; x_wconf 81' lang='lat' dir='ltr'>permittant</span> <span class='ocrx_word' id='word_1_476' title='bbox 2668 4284 2773 4322; x_wconf 92' lang='lat' dir='ltr'>nos</span> <span class='ocrx_word' id='word_1_477' title='bbox 2814 4273 2869 4320; x_wconf 92' lang='lat' dir='ltr'>et</span> <span class='ocrx_word' id='word_1_478' title='bbox 2909 4264 3081 4319; x_wconf 90' lang='lat' dir='ltr'>eccle-</span> 
     </span>
     <span class='ocr_line' id='line_1_41' title="bbox 361 4349 3083 4431; baseline 0.001 -27"><span class='ocrx_word' id='word_1_479' title='bbox 361 4349 503 4406; x_wconf 86' lang='lat' dir='ltr'>siam</span> <span class='ocrx_word' id='word_1_480' title='bbox 532 4350 949 4409; x_wconf 87' lang='lat' dir='ltr'>Moraviensem</span> <span class='ocrx_word' id='word_1_481' title='bbox 981 4352 1145 4409; x_wconf 86' lang='lat' dir='ltr'>dictis</span> <span class='ocrx_word' id='word_1_482' title='bbox 1172 4352 1337 4410; x_wconf 87' lang='lat' dir='ltr'>terris</span> <span class='ocrx_word' id='word_1_483' title='bbox 1364 4353 1615 4429; x_wconf 85' lang='lat' dir='ltr'>gaudere</span> <span class='ocrx_word' id='word_1_484' title='bbox 1647 4355 1882 4429; x_wconf 85' lang='lat' dir='ltr'>pacifice</span> <span class='ocrx_word' id='word_1_485' title='bbox 1909 4355 2059 4412; x_wconf 84' lang='lat' dir='ltr'>sicut</span> <span class='ocrx_word' id='word_1_486' title='bbox 2086 4356 2502 4431; x_wconf 84' lang='lat' dir='ltr'>predecessores</span> <span class='ocrx_word' id='word_1_487' title='bbox 2530 4354 2706 4410; x_wconf 89' lang='lat' dir='ltr'>nostri</span> <span class='ocrx_word' id='word_1_488' title='bbox 2734 4373 2828 4411; x_wconf 85' lang='lat' dir='ltr'>eas</span> <span class='ocrx_word' id='word_1_489' title='bbox 2856 4353 3083 4428; x_wconf 82' lang='lat' dir='ltr'>pacifice</span> 
     </span>
    </p>
   </div>
   <div class='ocr_carea' id='block_1_9' title="bbox 253 448 3181 4513">
    <p class='ocr_par' dir='ltr' id='par_1_10' title="bbox 253 448 3181 4513">
     <span class='ocr_line' id='line_1_42' title="bbox 253 448 3181 4513; baseline 0 0"><span class='ocrx_word' id='word_1_490' title='bbox 253 448 3181 4513; x_wconf 95' lang='lat' dir='ltr'> </span> 
     </span>
    </p>
   </div>
  </div>
 </body>
</html>
