3882 5037
768 442 919 514 236
1540 435 2316 519 appende—euntium&
2344 436 2715 502 Documenta.
3226 439 3420 511 [Pin-r
3451 440 3496 496 Ι.

767 662 907 710 esse,
950 643 1206 719 inquirat
1247 646 1294 703 si
1323 643 1650 702 deserviens
1691 661 1793 699 seu
1821 639 2072 699 vicarius
2111 650 2483 716 praesentatus
2524 636 2712 704 fuerit,
2740 648 2797 694 et
2828 656 2928 712 per
2971 635 3266 693 dominum
3292 656 3495 713 appro-

767 733 962 791 batus:
1004 737 1074 793 de
1101 755 1215 811 quo
1244 734 1617 794 incontinenti
1646 731 1874 791 debebit
1902 731 2014 788 sibi
2042 731 2209 788 fidem
2240 731 2424 789 facere
2454 750 2553 807 per
2574 729 2798 786 litteras
2825 727 3042 784 domini
3070 746 3222 784 anno
3246 748 3351 805 pro
3380 748 3496 803 quo

766 824 955 883 visitat
999 846 1322 885 concessas=
1384 822 1639 900 alioquin
1683 821 2235 882 administrationem
2281 821 2538 879 inhibeat
2588 821 2772 879 eidem
2803 818 3016 877 vicario
3049 829 3152 875 aut
3177 820 3493 886 commisso,

765 917 1157 992 cujuscunque
1198 917 1366 975 etiam
1413 927 1591 975 status
1641 915 1729 982 nit,
1774 915 2076 992 ipsumque
2100 934 2169 972 ex
2196 913 2381 971 officio
2408 911 2544 971 citet
2588 932 2693 989 pro
2729 910 3055 985 hujusmodi
3086 930 3333 968 excessu.
3418 911 3495 968 Et

766 1018 897 1064 ante
923 1008 1072 1065 diem
1102 1007 1385 1065 citationis
1413 1007 1637 1073 sciebat,
1667 1006 1996 1081 fructusque
2024 1003 2284 1063 beneficii
2313 1014 2570 1070 arrestet,
2597 1014 2652 1062 et
2679 1001 3009 1068 committat,
3038 1012 3103 1058 ut
3130 1002 3474 1079 praedicitur.

850 1099 1016 1164 Ite-m,
1059 1098 1129 1155 de
1171 1098 1292 1157 vita
1332 1109 1387 1157 et
1426 1100 1719 1157 honestate
1760 1096 1991 1156 rectoris
2032 1095 2329 1172 parochiae,
2360 1106 2416 1154 et
2456 1095 2578 1168 ejus
2618 1096 2853 1152 honesta
2895 1092 3336 1161 conversatione,
3374 1094 3494 1153 sive

763 1186 1105 1255 intitulatus,
1134 1190 1193 1248 id
1235 1201 1321 1248 est
1350 1210 1519 1248 verus
1559 1200 1796 1247 curatus
1839 1187 2089 1246 residens
2129 1188 2220 1254 sit,
2264 1186 2384 1245 sive
2427 1186 2675 1245 vicarius
2715 1196 2772 1244 et
2811 1183 3143 1244 commissus
3184 1182 3496 1261 diligenter

762 1275 1035 1353 inquirat,
1077 1277 1386 1358 praesertim
1429 1281 1477 1338 si
1520 1281 1813 1338 tabernam
1853 1279 1915 1336 in
1957 1279 2128 1336 domo
2169 1278 2539 1356 presbyterali
2581 1287 2784 1344 teneat,
2827 1277 2875 1335 si
2917 1277 3119 1333 domus
3158 1275 3310 1334 intra
3350 1278 3493 1336 finoe

762 1370 1050 1428 cemeterii
1095 1371 1171 1429 sit
1215 1371 1540 1438 constituta,
1585 1370 1634 1428 si
1682 1369 1953 1427 focariam
1997 1390 2102 1427 seu
2144 1369 2520 1428 concubinam
2559 1389 2751 1428 secum
2793 1369 3015 1436 habeat,
3059 1370 3214 1443 quod
3256 1365 3490 1428 omnin&

761 1461 870 1518 sub
912 1462 1091 1539 poenis
1136 1474 1479 1521 statutorum
1520 1461 1880 1538 synodalium
1923 1460 2049 1518 fieri
2072 1461 2405 1536 prohibeat;
2447 1472 2504 1518 et
2546 1457 2890 1537 generaliter
2923 1460 2973 1518 si
3010 1461 3363 1535 parochianis
3390 1474 3490 1521 aut

760 1552 1152 1611 habitantibus
1186 1555 1247 1613 in
1289 1554 1553 1612 scandalo
1590 1554 1681 1620 sit,
1711 1563 1812 1610 aut
1844 1572 1947 1629 per
1985 1552 2112 1626 ejus
2148 1551 2425 1610 defectum
2463 1551 2675 1627 aliquis
2702 1551 2762 1609 in
2790 1550 3274 1611 administratione
3303 1574 3485 1613 sacra-

761 1655 1079 1702 mentorum
1104 1646 1355 1704 defectus
1381 1644 1569 1704 fuerit.

840 1735 1006 1802 Item,
1035 1736 1083 1794 si
1125 1740 1242 1794 una
1284 1736 1376 1795 die
1417 1757 1517 1813 per
1549 1736 1944 1812 presbyterum
1984 1733 2155 1793 etiam
2196 1734 2574 1811 approbatum
2602 1754 2720 1791 una
2746 1728 2927 1791 soliun
2955 1734 3126 1792 missa
3151 1736 3485 1806 celebretur,

758 1838 815 1884 et
844 1847 955 1885 non
985 1830 1113 1886 duae
1140 1828 1230 1887 vel
1258 1829 1456 1905 plures
1488 1829 1610 1886 sine
1640 1832 1811 1886 causa
1840 1827 2092 1903 speciali,
2121 1827 2193 1885 de
2217 1821 2337 1900 qua.
2363 1844 2470 1900 per
2495 1825 2712 1884 litteras
2741 1825 2955 1883 domini
2983 1837 3219 1895 constet,
3250 1839 3315 1886 ut
3343 1848 3482 1905 prae-

756 1917 982 1985 dicitur,
1011 1929 1243 1997 excepto
1272 1918 1609 1977 Nativitatis
1638 1918 1874 1976 Domini
1903 1918 2013 1975 die.

816 2012 984 2079 Item,
1004 2011 1257 2086 inquirat
1278 2031 1352 2068 an
1374 2010 1432 2067 in
1451 2010 1718 2086 parochia
1737 2010 1850 2067 sint
1868 2009 2050 2083 aliqui
2070 2007 2564 2074 excommunicati,
2582 2018 2638 2066 et
2658 2002 2695 2064 ὲ
2711 2027 2827 2081 quo
2845 2019 3115 2086 tempore,
3138 2021 3195 2069 et
3212 2010 3261 2068 si
3276 2032 3482 2089 aggra-

755 2103 888 2169 vati,
918 2104 1009 2161 vel
1040 2102 1435 2180 re-aggravati
1461 2102 1592 2170 sint,
1620 2113 1676 2161 et
1702 2103 1750 2160 si
1780 2103 1841 2160 in
1869 2099 2468 2160 excommunicationis
2494 2099 2769 2157 sententia
2796 2098 3062 2159 continue
3091 2117 3461 2178 perseverent.

838 2195 1000 2261 Item,
1054 2216 1130 2252 an
1174 2195 1328 2271 apud
1377 2206 1641 2252 curatum
1690 2194 1804 2252 sint
1850 2194 2099 2269 registra
2140 2191 2774 2257 excommunicatorum,
2818 2201 2876 2248 et
2917 2192 2967 2249 si
3010 2197 3481 2254 excommunicati

757 2284 1006 2360 singulis
1034 2285 1238 2343 diebus
1267 2285 1568 2343 dominicis
1597 2286 1657 2343 in
1686 2285 1939 2344 ecclesiae
1967 2302 2148 2362 prono
2177 2282 2573 2340 nominentur:
2615 2301 2743 2355 quae
2772 2279 3006 2341 omnino
3035 2285 3482 2366 fieri-praecipiat

753 2379 861 2435 sub
905 2378 1090 2454 poenis
1134 2378 1190 2436 in
1230 2377 1457 2435 statutis
1496 2377 1864 2454 synodalibus
1901 2373 2194 2433 contentis.
2280 2374 2356 2430 Et
2397 2372 2445 2430 si
2483 2373 2722 2449 registra
2748 2393 2864 2432 non
2893 2376 3097 2433 habeat
3119 2389 3352 2436 curatus
3380 2392 3481 2437 aut

750 2480 934 2528 rector
971 2471 1303 2546 quicunque
1343 2469 1433 2537 sit,
1465 2468 1518 2528 ei
1556 2469 1886 2546 praefigatur
1913 2466 2191 2525 terminus
2224 2464 2377 2522 intra
2401 2483 2573 2541 quem
2600 2459 2638 2521 ὰ
2666 2464 3028 2541 registratore
3057 2468 3231 2528 curiae
3258 2470 3476 2548 copiam

752 2562 956 2619 habeat
987 2562 1211 2639 registri
1241 2581 1419 2618 manu
1447 2565 1569 2636 ejus
1600 2558 1980 2634 registratoris
2008 2557 2308 2632 signatam.

831 2653 997 2720 Item,
1025 2653 1073 2709 si
1102 2653 1216 2709 sint
1242 2652 1425 2727 aliqui
1454 2648 1683 2728 publice
1713 2649 1986 2715 usurarii,
2015 2648 2288 2724 sortilegi,
2320 2646 2582 2713 haeretici,
2605 2646 2878 2713 idolatrae,
2900 2660 3188 2725 apostatae,
3210 2654 3475 2724 adulteri,

746 2755 803 2803 et
830 2743 1240 2810 concubinarii,
1270 2738 1500 2820 publice
1530 2741 1828 2807 diffamati,
1858 2741 1952 2798 vel
1979 2732 2204 2815 leprosi,
2233 2749 2335 2796 aut
2362 2739 2431 2797 de
2458 2739 2616 2815 lepra
2644 2738 2900 2815 suspecti.

829 2836 997 2901 Item,
1024 2835 1071 2891 si
1101 2834 1215 2891 sint
1243 2833 1425 2909 aliqui
1463 2832 1897 2891 ecclesiasticam
1920 2831 2376 2907 jurisdictionem
2407 2831 2806 2906 impedientes:
2846 2851 2989 2906 quos
3016 2834 3224 2893 faciant
3251 2857 3474 2897 excom-

745 2926 1060 2984 municatos
1082 2924 1421 2984 denunciari
1449 2923 1694 2999 singulis
1724 2921 1924 2981 diebus
1953 2920 2253 2980 dominicis
2278 2920 2340 2978 in
2369 2921 2617 2979 ecclesiae
2646 2924 2872 3001 prono*
2902 2920 3211 2984 secundum
3231 2927 3464 2986 formam

744 3018 960 3076 cedulae
987 3038 1171 3093 nuper
1196 3013 1234 3075 a
1259 3016 1492 3074 domino
1521 3014 1804 3074 Meldensi
1830 3014 2090 3091 episcopo
2117 3013 2440 3090 compositae
2468 3011 2636 3073 valde
2664 3015 3070 3093 compendiose.

826 3110 994 3176 Item,
1023 3109 1072 3166 si
1113 3108 1229 3167 sint
1269 3108 1450 3184 aliqui
1490 3129 1594 3186 per
1635 3128 1792 3166 sacra
1833 3106 2118 3183 prohibita
2159 3107 2489 3165 detestando
2511 3108 2789 3180 jurantes,
2818 3109 2920 3184 qui
2962 3109 3023 3168 in
3064 3110 3172 3169 fide
3199 3110 3468 3171 videntur

748 3197 895 3259 male
926 3202 1151 3261 sentire.

826 3295 994 3361 Ilem,
1023 3293 1095 3352 de
1123 3295 1294 3353 domo
1321 3292 1688 3372 presbyterali
1717 3303 1773 3351 et
1799 3292 2145 3349 utensilibus
2172 3291 2614 3368 presbyteratiiS,
2643 3302 2700 3350 et
2726 3313 2799 3350 ne
2826 3291 2972 3351 inter
2999 3305 3273 3354 rectorem
3293 3298 3465 3355 eecle-

741 3385 856 3452 siae,
888 3385 1272 3463 parochiano&
1301 3398 1357 3445 et
1397 3384 1831 3452 matricularios,
1871 3383 1953 3443 eis
1994 3385 2068 3442 sit
2106 3383 2375 3459 aliqualis
2418 3404 2637 3450 rancor,
2678 3404 2778 3442 seu
2818 3398 3149 3459 perseveret,
3190 3384 3467 3463 quantum

743 3478 1012 3553 possibile
1039 3478 1146 3537 erit
1181 3478 1494 3555 provideat,
1522 3478 1904 3551 injungatque
1947 3488 2004 3533 et
2040 3476 2210 3534 faciat
2244 3496 2344 3553 per
2385 3487 2655 3534 rectorem
2692 3475 2943 3534 ecclesiae
2970 3489 3025 3535 et
3053 3479 3468 3540 matricularios

742 3570 964 3630 litteras
996 3573 1117 3630 fieri
1144 3572 1252 3629 sub
1280 3571 1453 3629 curiae
1483 3570 1794 3628 Meldensis
1824 3568 2020 3644 sigillo
2046 3572 2115 3628 de
2144 3569 2443 3628 concordia
2467 3569 2617 3627 inter
2639 3568 2792 3647 ipsos
2820 3590 2988 3647 super
3020 3571 3467 3646 reparationibus

744 3675 801 3720 et
829 3664 1184 3730 utensilibus,
1214 3662 1474 3737 factaque
1503 3656 1622 3718 tute
1653 3660 1759 3717 sub
1787 3661 2045 3718 custodia
2071 3672 2493 3719 conserventur.

829 3756 992 3821 Item,
1037 3766 1095 3814 et
1142 3756 1191 3812 si
1234 3751 1709 3829 martyrologium
1754 3751 1999 3809 habeant
2041 3754 2241 3820 curati,
2293 3765 2347 3812 et
2391 3753 2685 3831 praecipiat
2731 3751 2924 3810 omnia
2967 3752 3177 3811 donata
3218 3757 3467 3816 ecclaeiae

743 3866 1106 3921 quocumque
1147 3846 1318 3904 titulo
1360 3845 1421 3903 in
1461 3865 1528 3902 eo
1569 3843 1760 3909 scribi,
1803 3853 1860 3900 et
1902 3843 2099 3901 relicta
2139 3845 2259 3903 sive
2299 3847 2490 3920 legata
2530 3865 2660 3902 cum
2702 3843 3003 3921 diligentia
3043 3848 3337 3922 procurari
3365 3869 3466 3925 per

744 3938 994 3996 ecclesiae
1036 3950 1308 3997 rectorem
1349 3948 1406 3996 et
1447 3935 1922 4002 matricularium,
1951 3931 1988 3992 ὲ
2013 3937 2271 4010 quolibet
2314 3949 2369 3996 et
2408 3949 2687 4011 quantum
2731 3937 2790 3993 in
2824 3957 2883 3995 se
2919 3950 3020 4004 est,
3049 3937 3381 4014 litterasque
3411 3952 3467 4000 et

745 4028 946 4087 titulos
972 4050 1167 4088 rerum
1195 4031 1445 4089 ecclesiae
1486 4029 1827 4086 donatarum
1867 4028 1974 4085 sub
2017 4029 2129 4085 fida
2172 4029 2424 4087 custodia
2456 4029 2514 4085 in
2546 4028 2796 4087 ecclesiae
2821 4032 2952 4088 arca
2983 4031 3323 4099 custodiant,
3353 4033 3464 4090 sub

744 4123 929 4201 poenis
952 4123 1308 4200 synodalium
1338 4133 1694 4180 statutorum.

1240 4326 1268 4354 ⁴*
1295 4325 1562 4373 Familiare·
1584 4325 1643 4373 de
1664 4324 1951 4385 rebuefidei
1975 4326 2042 4373 ad
2058 4325 2297 4387 populum
2320 4322 2971 4386 expositione.—Ducange.
