3882 5037
343 486 483 542 Saer.
508 482 646 554 ΙΙΙ.]
1136 477 1881 548 Numerianum—Binum
1910 479 1970 540 of
1996 479 2215 550 OEbaent.
2890 482 3043 552 269

343 683 512 741 debito
537 682 784 758 persolvi
812 680 1147 757 procurabo.
1231 680 1484 737 Fructus
1511 679 1648 737 anni
1675 679 1738 736 in
1764 699 1880 754 quo
1909 699 1999 736 me
2027 680 2173 738 mori
2199 692 2302 737 aut
2330 701 2510 739 meam
2532 681 2823 739 ecclesiam
2849 680 3040 738 dimit-

343 787 442 832 tere
481 775 787 850 continget,
839 774 1105 847 relinquo
1148 790 1250 847 pro
1294 784 1416 829 rata
1463 770 1731 846 temporis
1783 770 2094 828 successori
2145 791 2270 830 meo
2317 774 2409 830 vel
2454 772 2622 830 alteri
2667 773 2904 830 cuilibet
2942 773 3043 845 jus

342 865 564 930 habenti,
584 866 758 937 juxta
779 864 1135 922 laudabilem
1163 862 1337 935 hujus
1371 862 1626 919 dioecesis
1654 861 2127 920 consuetudinem
2154 874 2211 920 et
2252 874 2466 920 statuta
2491 864 2834 940 episcopalia
2858 864 3041 922 hacte-

341 951 433 1014 niis
457 957 766 1014 observata.
851 954 942 1012 Ita
968 975 1060 1012 me
1087 955 1250 1012 Deus
1277 954 1509 1028 adjuvet
1535 963 1592 1011 et
1617 953 1736 1010 haec
1763 948 1970 1010 Sancta
1998 954 2110 1011 Dei
2137 953 2474 1029 Evangelia.

555 1092 596 1149 J
599 1109 966 1150 naaman-rum
994 1107 1387 1148 rami-Annon
1415 1108 1520 1147 rna
1545 1090 1931 1155 emmaus,
1959 1109 2068 1148 vnn
2093 1109 2205 1149 rna
2234 1110 2395 1149 Auos
2423 1108 2803 1158 Quoscumque

939 1184 1376 1247 Beneuenti-08,
1405 1198 1601 1238 cuium
1630 1198 1943 1238 Amanum
1973 1200 2090 1239 Nou
2120 1201 2431 1241 ninam-ns.

408 1287 530 1363 Ego
558 1288 639 1344 Ν.
659 1287 803 1362 juro
842 1297 900 1345 et
942 1285 1211 1363 promitto
1253 1283 1650 1351 obedientiam,
1694 1284 2067 1342 reverentiam
2108 1297 2165 1343 et
2206 1287 2476 1344 honorem
2520 1307 2747 1346 summo
2790 1286 3045 1362 pontifici

340 1379 579 1437 Romano
603 1400 670 1437 ac
698 1378 1165 1437 reverendissimo
1191 1375 1424 1434 domino
1450 1377 1713 1452 episcopo
1733 1376 2116 1445 Gandavensi,
2142 1377 2584 1454 eorumdemque
2613 1381 3044 1437 successoribus.

343 1472 468 1528 Item
486 1473 622 1545 juro
649 1484 707 1529 et
737 1471 1022 1547 promitto,
1050 1464 1207 1545 quod
1234 1468 1383 1526 bona
1405 1467 1737 1543 capellaniae
1779 1487 1918 1525 meae
1946 1469 2066 1538 (vel
2107 1470 2437 1545 personatus
2473 1481 2576 1527 aut
2616 1470 2898 1541 beneficii)
2929 1491 3045 1528 non

341 1563 580 1620 alienabo
605 1574 664 1620 et
690 1556 943 1619 indebite
969 1562 1214 1619 alienata
1240 1555 1527 1634 quantiim
1568 1559 1631 1616 in
1668 1579 1759 1617 me
1785 1559 1908 1625 erit,
1933 1555 2178 1617 fideliter
2217 1579 2543 1635 recuperare
2569 1561 2824 1622 studebo.
2909 1562 3044 1637 Spe-

338 1655 693 1713 cificationem
721 1654 983 1711 omnium
1011 1654 1292 1711 bonorum
1311 1662 1368 1709 et
1395 1652 1694 1708 fructuum
1722 1651 2054 1725 capellaniae
2075 1672 2212 1709 meae
2241 1647 2360 1722 (veI
2390 1654 2718 1728 personatfis
2746 1664 2850 1710 aut
2876 1653 3045 1711 bene-

340 1746 461 1815 ficii)
488 1767 623 1803 cum
656 1745 850 1803 debita
867 1744 1256 1820 designatione
1283 1743 1744 1819 hypothecarum,
1765 1742 2021 1799 limitum
2048 1754 2105 1800 et
2129 1743 2502 1801 terminorum
2531 1744 2682 1801 intra
2708 1764 2804 1802 sex
2831 1764 3046 1803 menses

339 1838 603 1911 proximos
666 1832 1135 1912 attbipttsslmttto
1191 1854 1318 1893 meo
1370 1834 1606 1900 tradam,
1663 1828 1829 1910 proiit
1882 1833 2053 1891 etiam
2113 1835 2586 1910 specificationem
2638 1856 2935 1902 censuum,
2989 1846 3046 1893 et

339 1928 627 1996 redituum,
658 1942 716 1987 et
741 1930 990 1987 aliorum
1016 1946 1255 1985 onerum
1279 1925 1493 2001 quibus
1521 1925 1671 1982 bona
1710 1924 2040 2000 capellaniae
2069 1945 2207 1983 meae
2233 1926 2350 1996 (vel
2393 1927 2723 2001 personatus
2747 1938 2851 1985 aut
2878 1927 3044 1985 bene-

341 2022 461 2089 ficii)
489 2022 751 2095 subjecta
777 2031 932 2087 sunt,
960 2030 1017 2077 et
1041 2013 1197 2094 quod
1227 2019 1334 2075 illa
1360 2038 1551 2083 onera,
1579 2011 1837 2083 fideliter,
1867 2026 1924 2074 et
1951 2027 2202 2092 tempore
2227 2016 2418 2076 debito
2455 2019 2699 2095 persolvi
2729 2021 3045 2096 procurabo

343 2107 424 2170 Ita
443 2133 532 2171 me
557 2114 728 2171 Deus
755 2112 986 2185 adjuvet
1012 2121 1068 2167 et
1092 2111 1210 2167 haec
1238 2109 1446 2167 Sancta
1472 2109 1584 2167 Dei
1612 2107 1946 2184 Evangelia.

827 2237 868 2294 J
872 2254 1235 2294 naman-rma
1262 2236 1576 2294 Cos-tonum
1603 2252 1670 2291 m
1699 2251 2019 2292 Anemosa
2052 2234 2536 2295 Mnmcumm.

407 2341 532 2418 Ego
575 2342 663 2399 N.
699 2341 839 2414 juro
892 2350 951 2398 et
1001 2339 1271 2416 promitto
1321 2333 1479 2412 quod
1533 2357 1630 2396 ero
1683 2333 1905 2413 semper
1951 2337 2219 2396 obediens
2262 2338 2497 2397 domino
2541 2357 2667 2396 meo
2707 2337 2924 2413 pastori
2978 2336 3042 2395 in

338 2435 660 2492 muneribus
700 2431 1082 2509 pastoralibus
1119 2430 1503 2488 ministerium
1540 2448 1733 2486 meum
1769 2430 2208 2505 requirentibus„
2247 2440 2304 2487 et
2337 2424 2582 2486 fideliter
2616 2429 2939 2505 adimplebo
2973 2448 3042 2486 ea

339 2544 452 2599 quae
480 2526 652 2585 officii
690 2526 805 2582 mei
841 2535 993 2592 sunt,
1017 2517 1289 2598 quodque
1325 2523 1388 2580 in
1420 2523 1603 2580 officio
1638 2521 1836 2580 divino
1870 2532 1928 2579 et
1954 2523 2016 2580 in
2041 2523 2528 2582 administratione
2555 2533 3038 2581 sacramentorum

338 2619 577 2676 assistam
611 2620 680 2676 in
718 2617 920 2675 habitu
952 2617 1190 2673 decenti.
1274 2615 1315 2672 J
1319 2634 1427 2673 uro
1463 2615 1636 2673 etiam
1672 2626 1729 2672 et
1768 2615 2038 2691 promitto
2073 2612 2229 2692 quod
2269 2616 2434 2684 bona,
2471 2625 2782 2692 proventus
2822 2625 2878 2672 et
2904 2614 3041 2688 jura

340 2709 723 2768 mnicuIariae
761 2729 900 2767 meoe
938 2727 1057 2766 non
1095 2707 1374 2774 alienabo,
1403 2718 1461 2764 et
1500 2701 1750 2764 indebite
1788 2707 2039 2766 alienata
2076 2703 2354 2783 quantum
2394 2710 2458 2767 in
2500 2730 2591 2767 me
2633 2709 2758 2775 erit,
2796 2703 3041 2766 fideliter

341 2820 661 2878 recuperare
702 2799 961 2868 studeb0,
1003 2799 1276 2874 quodque
1321 2798 1798 2874 specificationem
1846 2800 2147 2867 bonorum,
2189 2801 2488 2859 fructuum
2534 2812 2593 2860 et
2626 2801 2852 2874 jurium
2901 2820 3040 2857 meae

341 2892 724 2951 matriculariae
764 2887 916 2950 infra
958 2912 1055 2950 sex
1095 2910 1317 2949 menses
1362 2891 1649 2967 proximos
1695 2886 2169 2966 attbtpttshnttto
2212 2913 2342 2951 meo
2386 2894 2603 2951 tradam
2643 2912 2777 2950 cum
2818 2892 3040 2968 specifi-

340 2984 537 3042 catione
569 3003 811 3043 onerum
844 2983 1059 3060 quibus
1092 2982 1199 3041 illa
1233 2978 1375 3041 sorte
1403 2991 1690 3058 gravatur.
1774 2983 1867 3041 Sic
1896 3003 1987 3042 me
2014 2984 2179 3042 Deus
2205 2984 2440 3058 adjuvet
2465 2996 2523 3042 et
2547 2985 2666 3042 haec
2694 2984 2901 3042 Sancta
2927 2984 3040 3042 Dei

342 3073 660 3152 Evangelia.

441 3191 478 3246 J
485 3206 840 3249 numu
868 3190 1440 3247 Lunmmlsmonum
1468 3205 1861 3248 emes-numm
1889 3207 1956 3248 ιΝ
1987 3207 2237 3248 nummus
2266 3190 2640 3248 Senonas-nor
2674 3209 2737 3248 m
2764 3207 2919 3248 mols

558 3301 673 3341 vm,
700 3298 1097 3339 nmmo-rmus
1120 3299 1221 3339 mu
1252 3301 1302 3339 1s
1328 3299 1556 3349 marm,
1584 3299 1693 3339 νει,
1719 3277 1879 3341 Annis
1907 3301 1972 3341 m
2001 3300 2254 3339 Mamaos
2281 3277 2785 3357 archipresbyteri.

411 3384 534 3463 Ego
561 3387 644 3444 N.
667 3386 803 3460 juro
838 3396 894 3444 et
928 3387 1195 3461 promitto
1229 3387 1385 3461 quod
1418 3384 1660 3446 fideliter
1694 3387 1904 3446 docebo
1941 3406 2150 3463 pueros
2192 3406 2296 3445 seu
2324 3389 2707 3462 juventutem,
2744 3387 2936 3462 legere
2976 3404 3044 3441 ea

342 3492 456 3547 quae
489 3489 625 3535 sunt
662 3476 933 3535 doctrinae
969 3489 1177 3535 sanctie
1216 3479 1413 3536 matris
1447 3479 1697 3537 ecclesiae
1734 3480 2043 3537 Catholicae
2075 3478 2422 3554 Apostolicae
2452 3479 2744 3545 Romanae,
2772 3472 3043 3552 quodque

344 3568 521 3626 nullos
555 3563 735 3626 libros
770 3578 875 3626 aut
909 3570 1117 3646 scripta
1157 3570 1352 3647 pueris
1390 3590 1492 3630 seu
1513 3572 1809 3645 juventuti
1846 3574 2151 3649 praelegam
2178 3571 2269 3629 vel
2307 3572 2544 3647 praelegi
2573 3570 2912 3646 permittam,
2941 3577 3045 3625 aut

343 3654 527 3726 dooeri,
552 3679 684 3734 quae
719 3661 940 3735 aliquid
975 3672 1142 3738 turpe
1168 3674 1271 3720 aut
1309 3664 1643 3722 obscoenum
1672 3665 1761 3722 vel
1787 3664 2116 3722 haereticum
2143 3674 2548 3740 suspectumve
2576 3662 2920 3727 contineant,
2947 3660 3045 3718 sed

345 3765 404 3803 ea
424 3746 636 3809 tantum
668 3772 802 3826 quae
826 3753 900 3811 ad
937 3755 1113 3813 bonos
1147 3775 1330 3815 mores
1357 3766 1462 3813 aut
1487 3756 1751 3832 pietatem
1779 3757 2115 3815 conducent.
2200 3756 2293 3814 Sic
2336 3776 2427 3813 me
2460 3757 2623 3814 Deus
2650 3755 2884 3828 adjuvet
2924 3754 3044 3811 haec

345 3836 534 3900 Sancta
561 3843 673 3902 Dei
702 3843 1039 3921 Evangelia.

564 3969 605 4026 J
608 3987 971 4029 mansurum
999 3973 1469 4033 Bmuoromuum
1499 3992 1893 4034 rami-Annum
1922 3994 1989 4033 m
2015 3994 2270 4034 nameus
2297 3967 2794 4052 ἔτεῇίρτεῦθῃίετί.

417 4068 538 4146 Ego
584 4073 661 4130 N.
696 4074 836 4147 juro
879 4086 938 4132 et
982 4077 1249 4152 promitto
1288 4073 1446 4152 quod
1489 4080 1686 4137 nullos
1728 4080 1922 4148 libros,
1968 4081 2299 4146 cantilena-⁶1,
2347 4080 2615 4156 rythmoe,
2666 4077 3045 4154 ephemerides

347 4172 438 4215 aut
474 4163 681 4223 similia
722 4166 1043 4241 imprimam
1091 4179 1194 4226 aut
1237 4171 1460 4228 venalia
1500 4189 1795 4247 exponam,
1835 4174 1925 4231 vel
1967 4167 2181 4230 secreto
2226 4171 2580 4236 distribuam,
2621 4181 2726 4228 aut
2767 4163 3044 4244 quantum

349 4249 403 4305 in
428 4272 508 4311 me
545 4258 652 4314 erit
692 4257 961 4332 imprimi,
991 4260 1218 4318 venalia
1256 4263 1481 4337 exponi,
1523 4264 1615 4321 vel
1657 4260 1870 4322 secreto
1914 4263 2181 4322 distribui
2223 4262 2562 4338 permittam,
2591 4257 2770 4336 quam
2811 4280 2880 4318 ea
2912 4279 3043 4333 quae

350 4339 512 4403 debite
553 4343 591 4405 a
633 4349 1096 4410 reverendissimo
1135 4351 1367 4409 domino
1401 4349 1666 4426 episcopo
1693 4350 2060 4410 Gandavensi
2102 4353 2195 4411 vel
2235 4355 2360 4427 ejus
2401 4372 2629 4411 censore
2670 4364 2774 4410 aut
2813 4352 2889 4407 ab
2928 4347 3045 4405 alio
