3882 5037
1582 472 2347 550 appmntx.—Qtonttmntal
2374 472 2744 538 mammenus.

1566 792 1778 852 SECT.
1809 791 2265 858 V11.—Biotm
2293 791 2353 853 of
2374 788 2758 868 funsingen,

998 925 1287 981 Anncms
1314 942 1385 982 or
1412 923 1829 984 V131ru1omn
1859 925 2119 993 Inoumv
2145 944 2255 983 roa
2281 922 2484 986 Beana
2511 918 2705 983 Rutal
2735 939 2804 978 01¹·
2832 939 2948 979 ‘rme
2976 921 3230 977 D1ocasa
3257 937 3326 975 οε·

1167 1014 1555 1082 szvsmoaw,
1583 1035 1656 1073 nv
1685 1017 1908 1075 Blsnop
1939 1018 2149 1076 Suu-us
2178 1038 2252 1075 m:
2277 1017 2615 1082 Tmnnne,
2647 1015 2794 1072 ΑΒ.
2817 1029 3159 1070 Mccocnxxv.

891 1121 1266 1185 B‘fiQmNJI
1294 1122 1510 1190 tutaltss
1537 1127 1686 1186 infra
1713 1130 1927 1187 Pasche
1956 1141 2013 1187 et
2040 1130 2399 1187 Pentecostes
2429 1128 2568 1185 festa
2596 1118 2855 1201 proxime
2881 1122 3077 1180 futura
3105 1120 3389 1195 adjunctis
3418 1120 3528 1178 sibi

812 1218 1051 1275 testibus
1080 1218 1453 1294 synodalibus
1482 1219 1797 1278 visitabunt
1827 1222 2124 1296 parochias
2160 1213 2455 1282 betanatiis
2484 1217 2596 1283 sui,
2629 1229 2685 1275 et
2720 1226 2947 1290 recepto
2976 1215 3306 1288 juramento
3339 1207 3380 1268 a
3415 1212 3532 1286 ple-

814 1308 992 1374 banis,
1020 1329 1217 1366 eorum
1246 1310 1567 1368 domesticis
1594 1313 1923 1389 capellanis,
1955 1325 2011 1371 et
2036 1314 2108 1371 ab
2135 1313 2268 1370 aliis
2294 1311 2542 1370 honestis
2570 1319 2625 1366 et
2651 1307 2931 1383 gravibus
2958 1305 3100 1364 viris
3134 1303 3531 1380 parochiarum

815 1413 1073 1474 quaerent
1099 1401 1169 1458 de
1196 1401 1347 1459 infra
1373 1402 1595 1479 scriptis
1613 1425 1708 1459 :—

900 1485 1113 1546 Ρνίηιό.
1154 1492 1245 1549 De
1272 1491 1407 1559 vita,
1437 1494 1692 1561 scientia,
1721 1506 1778 1553 et
1805 1495 2061 1554 moribus
2089 1495 2336 1570 regentis
2359 1492 2670 1552 ecclesiam.
2752 1490 2829 1548 Et
2854 1511 2929 1547 an
2956 1490 3099 1548 bene
3119 1487 3310 1563 praesit
3335 1486 3536 1544 domui

819 1600 938 1638 suae
953 1583 980 1638 Ρ

898 1666 1170 1729 Secundd.
1213 1674 1517 1739 Quomodo
1566 1677 1802 1734 ecclesia
1850 1677 2080 1752 provisa
2126 1675 2200 1734 sit
2246 1676 2396 1734 circa
2442 1683 2792 1732 sacramenta
2837 1682 2895 1729 et
2942 1671 3309 1729 reservatoria
3353 1690 3537 1728 sacra-

820 1773 1141 1821 mentorum
1162 1766 1189 1820 Ρ

902 1847 1101 1910 Τενίἰὸ.
1143 1856 1446 1920 Quomodo
1475 1858 1700 1934 provisa
1728 1858 1803 1915 sit
1829 1858 2012 1926 libris,
2041 1859 2337 1925 calicibus,
2368 1857 2606 1934 patenis,
2633 1854 3046 1932 corporalibus,
3069 1855 3240 1912 sacris
3268 1854 3544 1922 vestibuS,

819 1957 875 2003 et
918 1946 1231 2013 ornatibus,
1274 1958 1329 2005 et
1374 1969 1450 2005 an
1493 1950 1601 2007 illa
1646 1949 1862 2007 munda
1905 1952 2247 2008 teneantur?
2328 1950 2407 2008 Et
2453 1951 2502 2008 si
2543 1949 2793 2007 defectus
2839 1947 2902 2005 in
2943 1946 3033 2003 his
3076 1946 3167 2012 sit,
3204 1967 3280 2004 an
3327 1946 3544 2004 fabrica

820 2037 1072 2095 ecclesiae
1098 2040 1340 2095 sufficiat
1365 2039 1438 2097 ad
1466 2041 1574 2099 illa
1603 2041 1955 2116 reparanda?
2037 2042 2116 2099 Et
2142 2062 2217 2099 an
2254 2042 2506 2118 singulis
2541 2039 2829 2099 mensibus
2857 2038 3130 2097 viaticum
3166 2055 3270 2114 pro
3297 2038 3542 2097 infirmis

821 2130 1011 2186 denuo
1037 2139 1396 2187 consecretur
1411 2131 1438 2186 Ρ

907 2212 1142 2287 Quart&
1187 2222 1285 2277 An
1311 2222 1548 2280 ecclesia
1575 2223 1648 2280 sit
1676 2222 1739 2280 in
1766 2223 2016 2282 debitis?
2056 2234 2112 2282 et
2131 2245 2208 2282 an
2230 2236 2412 2283 rector
2437 2223 2688 2282 ecclesiae
2715 2221 3064 2288 alienaverit,
3085 2223 3177 2280 vel
3198 2220 3546 2297 obligaverit

821 2311 893 2369 ad
923 2323 1166 2388 tempus,
1194 2313 1286 2370 vel
1314 2313 1387 2370 ad
1416 2313 1593 2371 vitam
1621 2314 1773 2373 bona
1798 2316 2091 2374 ecclesiae?
2128 2327 2186 2374 et
2211 2317 2446 2392 qualem
2474 2315 2753 2373 familiam
2780 2315 3027 2372 habeat?

904 2403 1069 2471 Item,
1098 2424 1173 2461 an
1222 2405 1295 2461 sit
1337 2405 1714 2474 tabernariuS,
1757 2408 1933 2472 lusor,
1978 2409 2071 2464 vel
2116 2402 2261 2466 alias
2306 2408 2444 2465 mali
2486 2407 2777 2482 exempli?
2832 2417 2888 2464 et
2930 2426 3005 2463 an
3047 2403 3297 2480 singulis
3340 2403 3547 2461 diebus

825 2496 1127 2554 dominicis
1168 2498 1324 2571 legat
1364 2498 1582 2565 missas,
1611 2508 1667 2556 et
1710 2497 1975 2574 praedicet
2015 2501 2234 2575 populo
2253 2501 2280 2556 Ρ
2325 2511 2382 2559 et
2409 2520 2482 2557 an
2519 2499 2592 2556 ad
2631 2498 2738 2557 hoc
2783 2507 2945 2575 aptos
2985 2495 3164 2554 libros
3205 2496 3451 2554 habeat?
3492 2507 3550 2554 et

824 2608 899 2645 an
930 2588 1004 2644 sit
1044 2587 1105 2645 in
1133 2587 1336 2645 debitis
1351 2588 1378 2643 Ρ
1419 2599 1475 2646 et
1510 2610 1584 2646 an
1629 2589 1829 2647 missas
1867 2591 2153 2659 fundatas,
2190 2602 2247 2649 et
2286 2587 2432 2649 alias
2471 2591 2541 2649 de
2572 2592 2704 2664 jure
2744 2591 2838 2647 vel
2879 2588 3295 2647 consuetudine
3330 2588 3550 2645 debitas

825 2697 958 2734 cum
985 2678 1300 2745 devotione,
1330 2690 1387 2735 et
1415 2676 1647 2737 honeste
1675 2684 2003 2756 persolvat?

910 2769 1061 2824 Item
1086 2769 1350 2828 videatur
1374 2770 1521 2827 liber
1548 2770 1750 2844 ipsius,
1773 2790 1891 2846 quo
1918 2773 2106 2830 utitur
2131 2774 2194 2830 in
2215 2774 2569 2832 conferendis
2598 2783 2656 2831 et
2681 2770 3142 2832 administrandis
3170 2768 3550 2828 sacramentis.

828 2861 906 2917 Et
931 2860 1304 2927 examinetur,
1334 2861 1383 2916 si
1412 2862 1552 2917 sciat
1577 2862 1785 2920 formas
1814 2867 2343 2923 sacramentorum?

908 2951 1078 3017 Ite-m,
1105 2950 1153 3006 si
1181 2950 1421 3009 ecclesia
1448 2953 1671 3028 regitur
1698 2972 1797 3029 per
1823 2955 2122 3023 vicarium,
2152 2967 2442 3031 quaeratur
2470 2951 2776 3033 praecipue,
2799 2956 2848 3013 si
2876 2965 3066 3031 pastor
3092 2954 3205 3011 sibi
3234 2953 3458 3010 fructus
3486 2952 3550 3009 in

828 3051 949 3098 toto
976 3041 1067 3098 vel
1094 3041 1156 3098 in
1185 3053 1343 3117 parte
1363 3044 1774 3101 reservaverit?
1814 3055 1918 3101 aut
1939 3047 2237 3104 ecclesiam
2264 3067 2399 3105 cum
2421 3048 2689 3106 omnibus
2715 3046 2996 3104 fructibus
3020 3046 3206 3103 eidem
3232 3044 3505 3102 locaverit
3525 3044 3553 3099 Ρ

831 3143 889 3189 et
916 3153 991 3189 an
1019 3133 1375 3191 excessivum
1404 3154 1640 3191 censum
1682 3137 1908 3195 solvat?
1950 3147 2007 3195 et
2033 3157 2108 3194 an
2136 3150 2338 3215 gravet
2378 3139 2637 3196 subditos
2679 3137 2740 3195 in
2781 3136 3117 3212 recipiendis
3153 3136 3431 3201 remediis,
3460 3136 3553 3192 vel

831 3224 965 3280 aliis
973 3224 1206 3296 juribus
1226 3225 1647 3299 parochialibus
1662 3230 1690 3284 Ρ
1725 3238 1781 3285 et
1795 3248 1871 3285 an
1886 3230 2352 3306 cooperatoribus
2369 3242 2426 3288 et
2443 3229 2753 3306 capellanis
2768 3229 3027 3287 debitum
3044 3229 3312 3286 salarium
3330 3229 3515 3284 solvat
3528 3228 3554 3282 Ρ

913 3311 1196 3374 Praeterea
1225 3316 1549 3392 inquiratur
1575 3320 1644 3376 de
1673 3318 1927 3379 formatis
1955 3321 2321 3389 vicariorum,
2345 3323 2629 3380 sociorum
2656 3321 2999 3388 divinorum,
3021 3332 3076 3379 et
3097 3319 3555 3394 capellanorum:

835 3418 891 3467 et
916 3407 965 3465 si
990 3408 1103 3465 sint
1128 3409 1199 3466 de
1228 3410 1416 3468 aliena
1442 3412 1690 3478 dioecesi,
1721 3431 1795 3469 an
1825 3413 1937 3470 sint
1966 3415 2174 3490 recepti
2194 3416 2363 3487 juxta
2390 3424 2673 3472 statutum
2697 3414 2767 3472 de
2793 3413 3016 3471 clericis
3045 3411 3377 3488 peregrinis„

921 3501 1084 3567 Item,
1113 3514 1405 3576 quaeratur
1425 3503 1495 3560 de
1525 3503 1742 3561 vitricis
1771 3505 2156 3572 ecclesiarum,
2175 3527 2250 3563 an
2272 3506 2517 3581 sing-ulis
2544 3507 2710 3563 annis
2731 3506 3009 3564 rationem
3036 3503 3273 3562 reddant
3295 3502 3557 3578 plebano,

839 3601 896 3648 et
938 3592 1334 3649 communitati
1377 3594 1698 3668 parochiae?
1780 3595 1878 3652 Et·
1900 3616 1976 3653 an
2021 3597 2263 3654 habeant
2305 3597 2506 3654 cistam
2550 3617 2683 3655 cum
2725 3596 2906 3654 tribus
2953 3595 3232 3661 clavibus,
3279 3595 3341 3651 in
3383 3612 3559 3668 quam

841 3685 1115 3761 pecunias
1141 3686 1368 3743 fabricae
1400 3684 1684 3758 deponant
1713 3686 1878 3757 juxta
1917 3697 2196 3744 statutum
2238 3687 2589 3763 provinciale
2606 3689 2633 3744 Ρ
2675 3697 2731 3745 et
2757 3686 2807 3745 si
2846 3706 2965 3743 non
2992 3686 3253 3750 habeant,
3280 3695 3348 3741 ut
3374 3684 3444 3740 de
3471 3682 3562 3739 his

840 3777 1211 3851 provideant?
1291 3777 1371 3833 Et
1396 3774 1552 3850 quod
1578 3777 1771 3833 lumen
1802 3773 2030 3835 assidue
2054 3778 2206 3836 circa
2232 3780 2456 3854 Corpus
2485 3778 2860 3837 Dominicum
2888 3778 3080 3835 ardeat
3094 3777 3121 3832 Ρ

924 3868 1090 3934 Item,
1120 3879 1422 3942 quaeratur,
1449 3887 1525 3924 an
1551 3867 1614 3924 in
1636 3868 1905 3942 parochia
1932 3867 2048 3925 sint
2073 3870 2320 3927 usurarii
2346 3869 2652 3937 manifesti,
2674 3871 2765 3928 vel
2790 3869 2922 3926 aliis
2950 3867 3201 3945 publicis
3222 3864 3561 3923 criminibus

843 3959 1074 4016 irretiti:
1114 3968 1170 4016 et
1196 3958 1267 4015 de
1294 3959 1426 4016 aliis
1454 3957 1624 4015 etiam
1652 3961 1751 4017 fiat
1778 3960 2091 4035 inquisitio,
2119 3981 2250 4035 quae
2277 3961 2550 4019 videntur
2574 3959 2931 4018 reformanda
2944 3961 2971 4016 Ρ

926 4050 1000 4107 In
1038 4049 1358 4125 praemissiS,
1386 4069 1518 4124 quae
1559 4061 1798 4125 possunt
1838 4047 2130 4109 commode
2173 4052 2496 4119 reformare,
2523 4053 2843 4118 reforment,
2871 4060 2927 4107 et
2967 4050 3038 4106 de
3081 4067 3182 4125 per
3219 4067 3280 4105 se
3320 4045 3479 4111 actis,
3507 4055 3566 4103 et

846 4140 1231 4207 reformandis,
1259 4160 1360 4217 per
1387 4153 1572 4199 totum
1600 4161 1848 4201 mensem
1877 4146 1917 4201 J
1919 4143 2046 4200 unii
2074 4139 2332 4218 proxime
2360 4144 2623 4201 futurum
2657 4142 2892 4201 domino
2920 4138 3259 4200 Praesidenti
3286 4136 3566 4195 rationem

849 4232 1104 4299 reddant,
1130 4242 1185 4289 et
1213 4234 1427 4307 majora
1451 4233 1526 4291 ad
1553 4233 1732 4301 illius,
1764 4236 1855 4291 vel
1883 4235 2079 4293 vicarii
2104 4236 2228 4308 ejus
2254 4234 2519 4291 notitiam
2545 4234 2845 4292 deducant.

2576 4322 2685 4381 CC.
2711 4324 3065 4388 Germa-niet,
3091 4322 3329 4379 Tom.v.
3358 4337 3412 4394 p.
3436 4320 3567 4374 503.
