3882 5037
433 422 591 480 sm,
613 421 683 476 V.
712 417 789 490 2.]
1233 416 1876 492 &amana—Binum
1906 418 1966 479 of
1992 419 2331 484 (constante.
3002 427 3153 500 307

512 640 600 678 xv.
643 621 895 695 Singulo
918 638 1151 693 quoque
1177 620 1444 687 semestri,
1470 622 1709 684 betanus
1735 641 1872 678 cum
1899 623 2226 690 camerarie,
2255 634 2311 680 et
2336 623 2386 680 si
2413 623 2494 680 ita
2519 623 2572 681 ei
2598 621 2790 681 visum
2816 622 3003 689 fuerit,
3034 645 3153 682 uno

433 725 600 787 atque
643 714 827 769 altero
866 731 937 769 ex
986 711 1451 787 prudentioribus
1498 711 1590 768 sui
1639 711 1929 770 districtus
1981 710 2260 776 hetanaliss
2309 715 2651 791 presbytero,
2702 714 2816 771 sibi
2861 715 3147 788 adjuncto,

434 824 623 862 omnes
656 805 894 870 scholas,
922 814 990 860 ut
1016 822 1191 879 supra
1220 803 1282 861 in
1315 803 1488 861 titulo
1528 804 1598 861 de
1643 804 1882 880 privatis
1910 805 2139 872 scholiS,
2169 806 2458 863 sancitum
2485 817 2586 872 est,
2614 825 2716 863 nec
2745 825 2863 863 non
2891 808 3151 865 ecclesias

433 907 487 953 et
519 897 723 954 sacella
762 902 1083 953 consecrata
1122 894 1214 952 sui
1255 895 1551 959 betanatsts
1579 895 1785 961 visitet,
1814 906 1984 970 atque
2021 897 2228 964 omnia,
2256 918 2385 973 quae
2421 897 2482 956 in
2515 897 2605 964 iis,
2625 898 2792 970 juxta
2832 919 3070 957 canones
3097 913 3152 959 et

435 988 861 1045 constitutiones
888 997 1106 1044 nostras
1133 986 1446 1062 synodales,
1477 998 1594 1044 tam
1620 987 1683 1044 in
1711 986 2127 1063 spiritualibus,
2155 1008 2330 1063 quam
2359 989 2768 1064 temporalibus
2795 992 3148 1051 emendanda

428 1079 782 1151 judioeverit,
809 1079 859 1136 si
888 1091 1078 1137 tamen
1117 1080 1225 1137 illa
1263 1079 1480 1137 leviora
1505 1079 1636 1146 sint,
1663 1079 2064 1153 emendarique
2091 1080 2165 1137 ab
2197 1100 2265 1138 eo
2293 1082 2532 1139 valeant.
2614 1081 2677 1138 Si
2703 1102 2835 1157 quae
2861 1104 2994 1141 vero
3020 1104 3149 1160 gra-

437 1171 591 1228 viora
615 1171 744 1238 sint,
772 1185 829 1229 et
855 1172 928 1229 ab
957 1171 1061 1230 illo
1086 1170 1372 1230 emendari
1400 1191 1517 1229 non
1545 1171 1780 1247 possint,
1810 1170 1880 1228 de
1905 1171 2029 1228 illis
2055 1171 2239 1239 nobis,
2267 1191 2366 1229 seu
2392 1171 2606 1230 vicario
2634 1185 2827 1232 nostro
2854 1175 3068 1233 referat.

510 1281 629 1320 xva
672 1263 750 1320 Et
794 1263 1034 1338 insuper
1077 1282 1195 1320 non
1243 1262 1432 1320 solum
1474 1261 1832 1328 visitationiS,
1870 1262 1968 1318 sed
2009 1262 2128 1320 alio
2173 1283 2518 1338 quocunque
2556 1273 2805 1340 tempore
2844 1266 3153 1342 diligenter

437 1352 731 1427 inspiciant
770 1356 1010 1415 humus
1051 1365 1106 1411 et
1145 1353 1505 1419 camerarius,
1534 1372 1662 1427 quae
1702 1354 1766 1411 iu
1808 1355 1900 1409 sui
1941 1350 2240 1417 betausius
2269 1354 2514 1430 templis,
2544 1356 2783 1423 sacellis,
2809 1368 2866 1413 et
2892 1357 3151 1415 oratoriis

437 1443 551 1500 sint
588 1445 822 1520 picturae
864 1456 921 1504 et
961 1445 1275 1521 imagines:
1343 1456 1400 1503 et
1453 1446 1503 1502 si
1556 1445 1700 1519 quid
1743 1455 1939 1502 contra
1993 1445 2329 1503 catholicam
2385 1445 2741 1521 religionem,
2787 1447 3151 1523 ecclesiaeque

438 1535 704 1602 decorem,
753 1538 1062 1611 sculptum,
1106 1537 1464 1613 depictumve
1507 1537 1831 1612 repererint,
1868 1535 1930 1594 id
1971 1536 2153 1603 nobiS,
2187 1538 2279 1594 vel
2316 1537 2527 1595 vicario
2574 1549 2767 1596 nostro
2809 1538 3149 1614 significent,

437 1647 551 1702 quo
571 1628 659 1686 illi
685 1628 769 1685 rei
796 1640 1184 1704 opportunum
1212 1629 1523 1687 remedium
1542 1630 1701 1702 justo
1730 1639 1980 1703 tempore
2005 1628 2272 1686 adbibere
2300 1630 2623 1697 valeamus3
2670 1630 2931 1687 insolitas
2958 1643 3148 1688 autem

442 1721 680 1794 picturas
708 1721 802 1776 vel
829 1731 1045 1777 statuas
1072 1719 1135 1777 iu
1163 1722 1411 1779 ecclesiis
1439 1722 1582 1789 fieri,
1611 1721 1733 1779 sine
1773 1731 1985 1787 nostr0,
2013 1723 2104 1779 vel
2141 1721 2341 1780 vicarii
2383 1723 2562 1780 nostri
2596 1722 2835 1796 judicio,
2863 1743 2980 1781 non
3022 1742 3145 1800 per-

440 1810 675 1878 mittant,
717 1822 786 1869 ut
826 1811 893 1868 in
933 1812 1024 1868 his
1065 1812 1267 1869 veteris
1320 1814 1570 1870 ecclesiae
1623 1813 1908 1880 decorum,
1953 1833 2352 1888 sacrarumque
2407 1813 2776 1873 historiarum
2821 1815 3045 1882 veritas,
3093 1828 3148 1874 et

437 1903 755 1978 imag-inum
781 1903 1062 1969 honestaS,
1091 1902 1397 1961 maturiore
1424 1904 1831 1962 deliberatione
1857 1905 2007 1962 circa
2032 1925 2124 1963 eas
2154 1906 2515 1981 praecedente,
2545 1918 2921 1965 conservetur.

518 2013 652 2052 xv11.
693 1995 980 2053 Coeterum
1018 1995 1174 2069 quod
1215 1994 1287 2053 ad
1328 1995 1786 2063 cathedraticum,
1812 1996 2111 2072 primarios
2151 1998 2387 2064 fructus,
2417 1998 2676 2056 subsidia
2716 1997 3065 2065 charitativa,
3092 2009 3148 2056 et

440 2086 652 2161 reliqua
678 2087 803 2161 ejus
836 2086 1061 2163 generis
1090 2086 1310 2154 attinet,
1336 2090 1574 2150 betanus
1609 2108 1741 2145 cum
1776 2088 2104 2154 camerario,
2142 2089 2204 2146 in
2241 2088 2380 2155 illis,
2407 2108 2539 2163 quae
2575 2089 2724 2147 circa
2757 2109 2957 2146 eorum
2988 2109 3145 2146 exac-

439 2178 642 2236 tionem
677 2178 1000 2253 antiquitus
1034 2189 1168 2235 sunt
1201 2179 1509 2246 observata,
1538 2199 1598 2236 se
1631 2180 1829 2237 fideles
1860 2191 1916 2237 et
1948 2179 2250 2255 diligentes
2283 2190 2564 2255 praestent,
2592 2178 2849 2237 adhibito
2877 2180 3067 2246 etiam,
3098 2181 3147 2237 si

439 2270 731 2327 necessitas
760 2269 821 2327 id
850 2269 1112 2344 postulet,
1142 2288 1214 2327 ne
1243 2270 1479 2328 ecclesia
1505 2290 1610 2328 suo
1630 2271 1761 2345 jure
1789 2271 2063 2347 privetur,
2090 2270 2476 2329 arrestationis
2504 2268 2767 2327 remedio.

514 2380 679 2419 xvm.
721 2357 1114 2420 Betauatuum
1140 2362 1478 2435 quorumvis
1506 2362 1700 2421 clerici
1723 2363 1843 2420 suis
1869 2359 2093 2425 uetanis
2121 2362 2405 2429 obediant,
2431 2372 2488 2420 et
2521 2360 2594 2418 ad
2631 2358 2934 2436 capitulum
2960 2361 3146 2420 vocati

438 2465 819 2528 compareant:
860 2453 913 2509 si
942 2447 1090 2521 vero,
1118 2471 1237 2528 quo
1266 2453 1460 2511 minus
1488 2453 1737 2522 veniant,
1766 2450 2026 2530 legitime
2067 2454 2471 2531 Mpediantun
2500 2462 2857 2511 excusatores
2900 2452 3150 2517 mittant,

438 2546 659 2607 bunos
698 2546 994 2603 visitantes
1034 2545 1321 2619 adjuvent,
1350 2545 1495 2603 vitia
1532 2556 1588 2604 et
1627 2547 1895 2615 defectus,
1923 2547 1995 2605 de
2037 2548 2249 2622 quibus
2298 2546 2824 2622 interrogabantur,
2856 2546 3004 2603 bona
3039 2546 3150 2603 fide

438 2636 707 2695 indicent:
764 2637 815 2695 si
854 2637 928 2694 ab
966 2637 1048 2695 eis
1088 2638 1157 2696 de
1197 2637 1397 2713 aliqua
1434 2658 1494 2696 re
1533 2638 1964 2706 admoneantur,
1992 2660 2093 2698 seu
2126 2639 2522 2715 corripiantur,
2553 2639 2645 2696 vel
2672 2637 2816 2713 quid
2844 2637 2962 2696 illis
2991 2659 3148 2695 man-

439 2726 614 2796 detur,
646 2749 779 2787 cum
820 2729 1135 2788 reverentia
1175 2749 1236 2787 se
1281 2729 1596 2804 morigeros
1639 2731 1957 2798 exhibeant,
1995 2732 2064 2790 de
2106 2731 2314 2790 debitis
2361 2752 2397 2789 a
2442 2733 2657 2798 uetans,
2701 2731 2795 2788 vel
2845 2730 3150 2789 camerario

435 2820 704 2880 admoniti
732 2821 1096 2878 satisfaciant.
1178 2821 1296 2878 Eos
1322 2840 1584 2895 namque,
1612 2822 1717 2897 qui
1758 2833 1826 2879 ut
1865 2822 2251 2881 inobedientes
2292 2832 2350 2880 et
2394 2823 2629 2882 rebelles
2667 2821 2834 2880 nobis
2874 2823 3066 2889 delati,
3095 2834 3151 2881 et

435 2912 670 2970 convicti
696 2913 932 2979 fuerint,
960 2912 1127 2987 gravi
1157 2915 1328 2988 poena
1353 2914 1673 2971 afficiemus.

514 3021 624 3061 xxx.
662 3004 760 3061 Ne
793 3024 881 3061 res
915 3014 971 3061 et
1014 3004 1161 3062 bona
1190 2998 1229 3061 ὲ
1265 3005 1484 3062 clericis
1516 3005 1798 3071 derelicta,
1827 3004 1901 3062 ab
1936 3004 2296 3063 inhiantibus
2336 3006 2505 3063 rebus
2531 3006 2752 3072 alienis,
2781 3006 3148 3082 diripiantur,

438 3094 788 3172 injungimus
827 3091 1048 3158 uetanis
1088 3094 1313 3164 nostris,
1340 3115 1578 3170 eamque
1619 3096 1962 3165 facultatem,
1989 3117 2173 3171 usque
2210 3097 2285 3154 ad
2325 3097 2741 3155 revocationem
2770 3107 3037 3162 nostram,
3067 3097 3149 3154 eis

435 3187 807 3254 concedimus,
840 3199 912 3244 ut
949 3207 1124 3261 quam
1160 3188 1412 3264 primum
1447 3188 1662 3263 aliquis
1694 3188 1934 3247 clericus
1979 3188 2133 3247 diem
2175 3188 2307 3245 vitae
2350 3208 2467 3246 suae
2512 3188 2778 3246 clauserit
2814 3198 3149 3253 extremum,

434 3279 680 3347 hunnus,
701 3278 764 3336 in
785 3280 952 3353 cujus
979 3280 1236 3338 districtu
1265 3279 1564 3338 defunctus
1589 3280 1883 3347 habitavit,
1904 3281 1998 3338 vel
2025 3280 2075 3338 si
2102 3279 2154 3337 ei
2182 3299 2298 3337 nou
2329 3280 2626 3345 vacaverit,
2653 3278 3014 3345 camerarius,
3042 3289 3145 3336 aut

438 3369 640 3444 aliquis
667 3391 738 3428 ex
764 3383 1015 3445 quatuor
1047 3370 1391 3429 consiliariis
1419 3371 1673 3448 capituli,
1694 3372 1859 3446 jussu
1886 3367 2094 3437 bttaui,
2122 3370 2391 3443 adjuncto
2418 3369 2531 3427 sibi
2563 3370 2749 3427 scriba
2776 3365 3025 3445 tupitult,
3053 3373 3145 3429 vel

437 3462 652 3519 notario
681 3462 935 3538 publico,
953 3461 1002 3519 si
1023 3484 1156 3521 eum
1184 3464 1389 3522 habere
1415 3466 1612 3541 possit,
1630 3475 1801 3539 atque
1827 3463 2052 3522 duobus
2079 3462 2320 3519 testibus
2348 3461 2587 3530 clericis,
2604 3463 2694 3520 vel
2720 3463 2768 3520 si
2798 3483 2916 3520 non
2941 3462 3148 3529 adsint,

434 3553 609 3620 lai‘cis,
636 3575 832 3613 omnes
858 3565 915 3613 et
942 3556 1202 3632 singulas
1242 3576 1331 3614 res
1372 3567 1427 3614 et
1469 3557 1636 3624 bona,
1665 3576 1766 3633 per
1798 3556 2042 3614 eundem
2068 3555 2353 3620 derelicta,
2380 3563 2574 3612 nostro
2600 3553 2830 3612 nomine
2858 3554 2921 3612 in
2948 3553 3146 3613 inven-

436 3644 639 3703 tarium
685 3646 930 3705 fideliter
972 3647 1209 3723 redigat,
1242 3658 1299 3704 et
1337 3646 1398 3704 in
1440 3659 1816 3723 sequestrum,
1854 3668 1956 3706 seu
1996 3658 2276 3705 arrestum
2323 3657 2515 3723 ponat,
2560 3645 2736 3703 donec
2780 3645 2849 3703 de
2896 3646 3047 3704 veris
3093 3657 3149 3705 et

436 3736 702 3812 legitimis
730 3738 1050 3797 haeredibus
1075 3739 1417 3797 constiterit:
1459 3758 1564 3815 pro
1583 3739 1797 3814 quibus
1819 3739 2113 3798 laboribus
2135 3739 2379 3796 haeredes
2399 3737 2652 3797 defuncti
2670 3740 2882 3804 betuna,
2906 3739 3146 3807 notarie,

435 3848 535 3885 seu
564 3830 775 3896 scribae,
806 3840 1194 3906 competenter
1235 3829 1554 3888 satisfacere
1602 3841 1935 3889 teneantur:
1994 3831 2097 3888 ubi
2139 3843 2330 3888 autem
2377 3831 2449 3888 de
2486 3829 2791 3890 dividenda
2827 3830 3146 3888 haereditate

436 3919 576 3977 inter
612 3923 858 3980 haeredes
899 3942 1018 3982 non
1063 3923 1408 3989 conveniret,
1443 3932 1547 3979 aut
1594 3921 1736 3979 alias
1780 3923 2091 3981 eorundem
2134 3923 2414 3982 bonorum
2458 3923 2857 3981 derelictorum
2899 3923 3146 3989 nomine,

434 4010 580 4069 inter
617 4013 841 4089 aliquos
875 4014 1256 4072 controversia
1292 4015 1557 4080 oriretur,
1589 4025 1727 4071 tunc
1771 4016 2008 4075 betanus
2049 4014 2118 4072 de
2159 4014 2232 4072 iis
2275 4015 2444 4073 rebus
2469 4013 2886 4080 contendentes,
2913 4013 2987 4070 ad
3013 4033 3145 4071 con-

435 4102 723 4162 sistorium
748 4116 1027 4171 nostrum,
1053 4124 1156 4181 pro
1182 4105 1576 4180 consequde
1598 4105 1826 4178 justitia
1853 4106 2118 4164 remittat.

514 4213 601 4252 xx.
642 4197 722 4254 Et
747 4217 880 4255 cum
905 4215 1010 4253 nos
1040 4197 1109 4255 de
1135 4196 1476 4273 longissima
1501 4197 1913 4256 consuetudine
1939 4196 2013 4254 ab
2038 4197 2260 4272 aliquot
2287 4194 2508 4255 saeculis
2537 4195 2877 4260 introducta,
2892 4194 2952 4251 in
2982 4194 3144 4251 bonis

434 4286 742 4344 mobilibus
781 4300 839 4346 et
875 4288 1269 4345 immobilibus
1310 4287 1568 4347 omnium
1607 4288 1946 4413 cleric-otium
1987 4288 2230 4345 civitatis
2254 4300 2310 4345 et
2337 4285 2597 4344 dioecesis
2623 4294 2847 4349 nostrae,
2876 4304 2945 4341 ex
2982 4284 3144 4340 thoro

1762 4380 1795 4413 Χ

3393 2888 3436 2909 ἐκ
