3882 5037
1288 465 1895 539 &tussim—Etutam
1922 466 1982 526 ot
2009 466 2210 529 OEulm.
2965 470 3115 544 327

399 669 515 724 suis
540 667 881 741 subscriptas
916 661 1104 724 secum
1138 666 1411 735 adferent,
1441 662 1668 743 publice
1707 666 1767 723 in
1808 665 2252 743 congregatione
2273 664 2678 742 praelegendas‚
2708 685 2850 739 quas
2875 669 3113 729 betanus

397 762 499 815 sua
533 756 876 815 resolutione
912 758 1231 824 concludet,
1260 779 1327 816 ac
1365 759 1625 817 omnium
1664 758 1874 834 scripta
1909 758 2047 816 folia
2081 777 2211 814 cum
2240 757 2487 834 punctis,
2517 768 2572 813 et
2601 756 3012 830 quaestionibus
3039 759 3112 815 ad

395 869 451 906 se
487 849 731 925 recipiat,
757 861 815 906 et
856 847 931 904 ad
971 850 1220 906 officium
1261 861 1518 908 nostrum
1561 844 1681 907 una
1720 870 1853 907 cum
1896 869 2154 908 sermone
2195 849 2346 907 dicto
2388 848 2646 906 remittet.
2729 842 3033 914 Praeterea,
3063 849 3113 906 si

398 939 712 1016 quempiam
754 940 1168 1008 scandalosum,
1212 941 1563 1015 notoriisque
1610 941 1951 1008 excessibus,
1995 941 2115 998 sive
2170 940 2500 1007 defectibus,
2552 939 2868 997 minoribus
2925 950 3111 997 tamen

395 1031 647 1104 (majores
686 1052 936 1106 namque
977 1052 1241 1091 excessus
1282 1053 1457 1110 supra
1494 1044 1820 1090 numeratos
1859 1032 2089 1108 illisque
2132 1033 2345 1090 similes
2389 1042 2599 1096 nostro,
2626 1031 2907 1105 officiique
2934 1030 3113 1088 nostri

383 1122 593 1194 judicio
630 1119 885 1180 totaliter
922 1126 1299 1194 reservamus)
1325 1134 1657 1182 accusatum
1693 1135 1750 1182 et
1778 1124 2102 1181 convictum
2129 1121 2411 1188 habuerit,
2442 1122 2685 1179 eundem
2713 1123 2774 1179 in
2801 1141 3111 1198 congrega-

392 1213 539 1271 tione
576 1210 826 1272 Bttsnali
870 1208 1027 1290 prius
1081 1215 1378 1283 monitum,
1415 1228 1473 1273 et
1526 1226 1858 1279 correctum,
1903 1216 2132 1273 tandem
2188 1213 2495 1273 levioribus
2550 1214 2733 1288 poenis
2788 1215 3013 1280 afficiat,
3059 1213 3108 1270 si

388 1316 574 1362 autem
613 1301 652 1362 ὲ
692 1308 863 1371 malo,
904 1315 962 1362 et
1000 1324 1178 1381 pravo
1217 1307 1415 1364 habitu
1456 1327 1574 1364 non
1615 1306 1913 1374 destiterit,
1955 1327 2087 1364 eum
2128 1305 2190 1363 in
2231 1304 2524 1371 relatione,
2565 1325 2737 1378 quam
2778 1304 2958 1371 nobis,
2990 1304 3108 1362 sive

388 1395 567 1453 officio
598 1407 795 1454 nostro
825 1415 895 1453 ex
933 1397 1192 1472 qualibet
1232 1396 1677 1474 congregatione
1712 1397 1775 1455 in
1811 1397 2035 1475 scriptis
2063 1397 2438 1455 transmittere
2465 1396 2768 1463 tenebitur,
2797 1416 2929 1453 cum
2955 1416 3107 1452 sum-

390 1487 561 1544 uaria
588 1487 987 1546 informatione
1014 1489 1228 1548 deferat
1255 1488 1625 1565 puniendum.

464 1578 613 1643 Quia
636 1574 777 1636 vero
812 1590 1166 1656 compertum
1206 1592 1307 1647 oet,
1333 1580 1490 1654 quod
1525 1579 1709 1654 aliqui
1746 1599 1816 1637 ex
1855 1580 2118 1655 parochis
2154 1599 2258 1656 pro
2299 1580 2441 1639 oleis
2476 1579 2666 1646 sacris,
2693 1589 2750 1636 et
2786 1577 3108 1636 rubricellis

389 1666 699 1727 tardissime
740 1690 1031 1729 recurrere
1067 1672 1266 1738 solent,
1294 1682 1682 1748 opportunum
1720 1671 2010 1737 duximus,
2038 1670 2456 1747 procurationis
2496 1671 2777 1744 ejusmodi
2812 1670 3104 1746 negotium

388 1758 601 1822 uttan&
628 1762 889 1819 locorum
918 1762 1282 1820 committere.
1366 1762 1536 1821 Unde
1562 1757 1841 1838 quatenus
1869 1762 2041 1821 iidem
2069 1762 2216 1820 facta
2246 1783 2418 1839 super
2442 1763 2546 1820 hoc
2576 1763 2639 1821 in
2660 1762 3102 1840 congregatione

386 1872 513 1909 cum
549 1854 927 1911 confratribus
971 1854 1336 1920 conferentia,
1363 1873 1674 1929 eorumque
1719 1854 2146 1930 praemonitione
2185 1874 2289 1930 pro
2325 1854 2494 1912 sacris
2521 1855 2756 1930 quidem
2785 1853 2925 1912 oleis
2953 1852 3105 1909 circa

387 1943 587 2000 festum
615 1944 850 2002 Paschae
876 1945 1269 2021 presbyterum
1295 1964 1361 2003 ex
1391 1944 1598 2018 quovis
1624 1947 1893 2005 betanatu
1921 1965 2025 2021 per
2052 1957 2309 2012 turnum,
2332 1966 2431 2023 pro
2462 1945 2782 2003 rubricellis
2810 1956 3002 2002 autem
3029 1943 3101 2000 ad

388 2032 610 2092 initium
636 2036 944 2108 cujuslibet
968 2036 1122 2103 anni,
1149 2057 1437 2094 cursorem
1466 2033 1800 2113 tempestive
1828 2037 2077 2104 mittant,
2109 2037 2352 2110 illasque
2387 2048 2443 2093 et
2478 2037 2581 2093 illa
2610 2037 2757 2095 inter
2783 2038 3017 2102 clerum,
3047 2045 3104 2092 et

385 2127 640 2184 ecclesias
669 2128 762 2185 sui
788 2125 1091 2191 betausius
1119 2131 1279 2187 salva
1309 2129 1591 2187 refusione
1621 2148 2018 2206 expensarum,
2046 2141 2102 2187 et
2130 2129 2371 2188 vialium
2398 2128 2761 2185 distribuant.

461 2219 733 2277 Attendat
767 2219 1005 2295 insuper
1044 2222 1439 2296 unusquisque
1478 2223 1733 2288 uetantia,
1766 2221 1815 2277 si
1847 2221 2046 2279 fratres
2085 2221 2146 2278 in
2189 2220 2464 2294 legendis,
2501 2219 2881 2292 canendisque
2914 2216 3101 2274 missis

389 2309 637 2368 rubricas
666 2322 723 2369 et
760 2312 1122 2371 caeremonias
1155 2313 1470 2378 observent,
1499 2323 1555 2370 et
1590 2333 1665 2369 an
1691 2322 1921 2369 cantum
1953 2311 2400 2388 Gregorianum,
2430 2321 2544 2367 tam
2581 2309 2692 2376 illi,
2719 2303 2895 2382 quam
2923 2308 3098 2366 eccle-

386 2400 593 2458 siarum
621 2402 868 2460 ministri
895 2404 1153 2470 calleant,
1181 2423 1254 2461 ne
1278 2404 1599 2462 inordinato
1627 2415 1800 2461 cantu
1828 2404 2192 2462 audientium
2220 2422 2388 2460 aures
2413 2401 2711 2460 offendant.

460 2494 691 2553 Rimale
741 2495 1011 2563 ecclesiae,
1058 2495 1458 2555 catechismum
1503 2496 1675 2554 Conc.
1702 2495 1880 2565 Trid„
1926 2497 2189 2555 libellum
2238 2494 2667 2571 evangeliorum
2716 2499 2918 2567 praeter
2959 2489 3102 2583 alios

384 2584 557 2642 libros
591 2588 851 2653 morales,
880 2599 939 2644 et
973 2588 1046 2644 ad
1076 2589 1498 2664 praedicandum
1526 2589 1765 2645 verbum
1805 2588 2069 2646 divinum
2109 2588 2454 2646 necessarios
2485 2579 2740 2661 superius
2766 2582 3100 2649 insinuatos,

381 2696 456 2733 an
483 2675 699 2753 singuli
725 2679 988 2746 habeant,
1015 2691 1074 2737 et
1104 2679 1454 2739 breviarium
1491 2680 1800 2756 integrum,
1828 2679 2022 2738 videat
2059 2690 2116 2737 et
2154 2679 2418 2747 revideat,
2447 2697 2563 2736 non
2591 2676 2858 2734 habentes
2884 2675 3101 2751 puniat,

381 2778 437 2824 et
462 2769 535 2825 ad
560 2771 1008 2846 comparandum
1035 2769 1180 2829 citra
1206 2772 1382 2829 ullam
1413 2771 1745 2829 dilationem
1772 2782 1996 2847 urgeat,
2026 2792 2093 2829 ac
2123 2772 2368 2829 inducat.

459 2859 733 2919 Similiter
773 2862 850 2919 ad
880 2863 1534 2940 congregatione-non
1561 2863 1870 2929 venientes,
1898 2883 2003 2921 nec
2025 2864 2209 2937 justas
2243 2862 2510 2921 absentiae
2544 2881 2664 2919 suae
2699 2880 2897 2918 causas
2923 2858 3102 2919 literis

381 2949 663 3011 nuntiisve
685 2967 1031 3030 exponentes
1059 2957 1276 3013 mulcta
1304 2953 1649 3030 pecuniaria,
1676 2954 1950 3030 parochos
1977 2955 2172 3013 decem
2202 2974 2541 3020 marcarum,
2570 2953 2812 3011 vicarios
2840 2951 3099 3025 quinque

381 3043 592 3117 puniat,
621 3064 754 3119 quae
794 3047 1009 3103 mulcta
1047 3046 1208 3104 cedat
1248 3065 1352 3122 pro
1394 3043 1609 3102 fabrica
1650 3046 1900 3103 ecclesiae
1940 3045 2118 3112 illius,
2146 3046 2249 3103 ubi
2290 3046 2660 3123 congregatio
2700 3043 3094 3103 celebrabitur.

384 3132 445 3188 Si
484 3144 671 3191 autem
715 3136 967 3193 secunda
988 3136 1111 3194 vice
1150 3137 1413 3194 absentes
1443 3134 1677 3202 fuerint,
1707 3135 1886 3193 sciant
1919 3156 1979 3191 se
2015 3135 2373 3212 gravioribus
2409 3135 2789 3209 subjiciendos
2815 3133 3016 3209 poenis,
3044 3144 3102 3190 et

383 3235 574 3282 contra
598 3227 740 3284 tales
766 3226 1090 3304 instigatori
1116 3228 1284 3286 officii
1310 3225 1585 3285 actionem
1613 3225 2034 3286 committimuS.

462 3315 667 3375 Finitis
715 3314 870 3386 vero,
919 3331 1023 3376 aut
1065 3319 1114 3377 si
1157 3331 1289 3377 ante
1331 3317 1634 3394 prandium
1678 3318 1832 3376 finiri
1877 3336 1995 3376 non
2044 3327 2332 3393 poterunt,
2378 3316 2571 3375 dilatis
2624 3323 2753 3391 post
2804 3311 3096 3372 meridiem

382 3408 809 3466 occurrentibus
848 3410 1109 3487 negotiis,
1155 3430 1350 3469 omnes
1399 3411 1573 3468 simul
1610 3409 1671 3466 in
1719 3410 1889 3468 domo
1937 3403 2143 3475 berani,
2188 3409 2307 3466 sive
2361 3406 2614 3483 parochi,
2669 3424 2837 3478 quem
2894 3415 3098 3460 turnus

382 3498 644 3572 tetigerit,
693 3502 1003 3575 prandium
1052 3515 1279 3560 sument
1323 3522 1497 3577 quam
1551 3498 1933 3576 frugalissime
1991 3500 2187 3576 paucis
2241 3499 2475 3557 ferculis
2532 3494 2803 3562 contenti,
2844 3495 2978 3553 item
3036 3493 3096 3550 in

386 3588 621 3647 bibendo
668 3591 1031 3651 sobrietatem
1077 3592 1464 3651 omnimodam
1513 3592 1913 3651 observabunt.
2005 3593 2288 3670 Tempore
2344 3608 2554 3647 mensae
2606 3589 2835 3663 legatur
2891 3584 3099 3661 aliquis

381 3679 526 3737 liber
549 3682 883 3758 spiritualis.

462 3771 524 3828 Si
548 3774 677 3847 quis
707 3783 903 3831 autem
945 3778 1052 3834 sub
1079 3788 1305 3852 tempus
1332 3774 1790 3852 congregationis
1815 3776 1886 3833 de
1913 3775 2201 3842 ebrietate,
2229 3774 2386 3841 rixis,
2414 3771 2888 3838 contentionibus,
2917 3791 3097 3830 exces-

383 3881 561 3937 suque
594 3865 794 3939 aliquo
828 3866 1155 3927 scandaloso
1193 3869 1486 3926 convictus
1520 3866 1709 3932 fuerit,
1739 3865 1787 3923 is
1822 3862 1860 3924 ὃ,
1897 3870 2096 3925 Batauo
2136 3868 2210 3924 ab
2245 3866 2426 3924 officio
2463 3874 2520 3922 et
2555 3864 2753 3923 ordine
2791 3882 3098 3940 suspensus

382 3952 717 4020 declaretur,
732 3965 793 4012 et
811 3957 884 4013 ad
904 3976 1007 4015 nos
1027 3978 1130 4035 pro
1151 3959 1509 4017 absolutione
1530 3957 1868 4015 remittatur.
1952 3957 2212 4016 Ministri
2226 3968 2422 4016 autem
2442 3956 2690 4014 ecclesiae
2704 3955 2837 4012 lai‘ci
2856 3974 3099 4020 carcere,

380 4056 490 4100 aut
510 4046 838 4105 verberibus
879 4066 985 4123 pro
1025 4049 1301 4123 qualitate
1342 4068 1621 4116 excessus,
1646 4060 1703 4105 et
1741 4049 1952 4116 delicti,
1989 4069 2061 4107 ex
2101 4050 2372 4108 mandato
2410 4044 2597 4108 uttan(
2636 4046 3100 4105 irremissibiliter

382 4135 710 4211 puniantur.

466 4228 703 4305 Sumpta
740 4231 1044 4290 refectione
1080 4230 1295 4290 iterum
1327 4252 1520 4291 omnes
1557 4231 1791 4289 insimul
1827 4232 1900 4289 ad
1938 4230 2235 4290 ecclesiam
2268 4230 2502 4289 redeant
2527 4225 2778 4286 reinduti
2804 4225 3098 4301 superpel-

383 4317 560 4386 liceis,
587 4331 646 4377 et
673 4320 723 4378 si
751 4342 881 4398 quae
908 4323 1093 4381 adhuc
1120 4324 1330 4382 habent
1351 4323 1666 4391 tractanda,
1689 4322 2056 4398 expedienda,
2074 4334 2132 4379 et
2152 4320 2492 4385 definienda,
2510 4327 2764 4382 tractent,
2783 4314 3098 4392 expediant,
