3882 5037
312 471 658 529 SucrNIII.
694 471 766 545 1.]
1224 465 1798 541 Artanes—motae
1826 469 1884 529 of
1907 469 2136 531 Rauen.
2886 476 3039 547 243

308 671 499 729 habere
549 671 740 730 liceat.
837 667 1204 748 Quapropter
1247 671 1294 729 si
1343 668 1545 732 abhinc
1590 671 1903 749 presbyteri
1949 692 2010 731 se
2052 673 2122 730 de
2164 674 2376 732 talibus
2423 694 2542 733 non
2586 673 2854 742 caverint,
2897 670 3038 750 quia

304 763 554 822 divinum
581 784 706 823 non
733 764 942 822 timent
971 763 1272 836 judicium,
1301 765 1671 839 temporalem
1698 764 1818 822 illis
1845 764 2205 823 inveniemus
2232 767 2655 833 contumeliam,
2684 776 2741 824 et
2768 767 3035 824 saeculare

305 854 526 913 illorum
555 854 1054 932 incorrigibilitati
1080 855 1511 913 adinveniemus
1538 856 1999 915 detrimentum.''
2014 854 2051 892 ⁵

370 946 537 1004 After
568 948 765 1006 which
807 967 905 1005 are
950 946 1248 1021 subjoined
1292 949 1455 1006 other
1498 947 1871 1006 instructions
1911 956 1946 979 ‘⁴
1964 949 2033 1006 de
2075 948 2277 1008 illicito
2319 950 2660 1009 clericorum
2696 971 2923 1009 accessu
2960 951 3033 1009 ad

302 1040 569 1107 foeminas,
600 1052 664 1098 et
689 1044 808 1117 qua
836 1039 1056 1098 ratione
1081 1040 1151 1097 de
1179 1039 1281 1099 illo
1308 1039 1587 1117 arguendi
1615 1042 1706 1100 vel
1735 1042 2024 1118 purgandi
2053 1042 2223 1101 sint.'’

1562 1135 1659 1192 Ex
1686 1134 1985 1193 Hincmari
2014 1136 2200 1213 Capit.
2226 1141 2280 1194 et
2307 1136 2578 1194 Coronat.
2603 1135 2777 1211 Oper.
2809 1136 2973 1195 Tom.
2995 1157 3032 1195 1.

1072 1440 1290 1502 SECT.
1311 1442 1621 1502 VIIL—l.
1663 1441 1908 1509 motem
1936 1443 2000 1504 of
2023 1442 2253 1505 Rauen.

778 1573 1078 1631 Paucum-s
1107 1591 1216 1632 ma
1245 1570 1445 1637 means
1472 1571 1667 1635 Rutal
1697 1595 1768 1635 or
1795 1595 1909 1635 ‘nm
1937 1577 2191 1635 oncnsn
2215 1595 2285 1634 or
2314 1575 2542 1635 Rousn.

832 1757 1151 1816 Passcsru
1179 1754 1433 1822 Danais
1461 1776 1641 1817 neu
1668 1777 1808 1818 ros-1·
1835 1762 2121 1820 Swonnu
2150 1762 2508 1821 anumm.

1069 1849 1219 1908 ΑΒ.
1240 1868 1485 1910 Μοοιιν.
1514 1871 1585 1911 m·
1615 1869 1761 1909 nan
1790 1872 1879 1911 ms
1906 1872 1971 1910 m
1998 1872 2250 1912 scama,

369 1964 458 2023 IN
504 1964 721 2042 primis
762 1977 831 2023 ut
881 1966 1178 2045 Proecepta
1220 1986 1326 2025 sua
1370 1967 1686 2042 Synodalia
1727 1961 2038 2042 antequam
2078 1966 2341 2025 recedant
2383 1965 2673 2044 corrigant
2716 1963 3024 2027 secundum

299 2069 491 2123 noma,
519 2078 665 2134 quae
703 2058 939 2116 fuerunt
978 2058 1040 2116 in
1080 2060 1295 2136 synodo
1331 2059 1581 2125 recitata,
1609 2071 1666 2117 et
1707 2059 1857 2116 infra
1888 2078 2140 2116 mensem
2166 2058 2375 2117 faciant
2402 2060 2600 2118 eodem
2628 2060 2795 2120 modo
2822 2061 2895 2119 ad
2922 2082 3027 2120 sua

299 2162 566 2227 praecepta
593 2161 869 2217 correcta,
897 2151 1110 2228 corrigi
1139 2152 1399 2210 omnium
1426 2151 1884 2228 presbyterorum
1913 2163 2209 2228 praecepta.

368 2242 532 2308 Item,
563 2252 641 2298 ut
681 2238 986 2320 diligenter
1025 2254 1083 2300 et
1125 2243 1247 2301 sine
1284 2248 1445 2302 mora
1487 2243 1798 2319 inquirant,
1829 2243 1931 2320 qui
1969 2244 2040 2300 de
2082 2244 2202 2301 suis
2249 2242 2593 2319 presbyteris
2633 2244 2727 2302 vel
2768 2244 3024 2318 personis

298 2330 590 2392 defuerunt
621 2335 840 2411 synodo
867 2335 928 2393 in
954 2335 1257 2412 supellicio
1283 2348 1340 2394 et
1366 2355 1500 2393 cum
1528 2334 1686 2394 stola.
1767 2335 1846 2393 Et
1874 2335 2003 2393 illos
2029 2334 2130 2411 qui
2159 2345 2295 2392 sunt
2322 2352 2576 2411 personae
2602 2343 2658 2390 et
2685 2334 2915 2391 vicariiz
2964 2347 3022 2393 et

298 2442 400 2481 uon
425 2426 820 2484 interfuerunt
845 2426 909 2485 in
935 2428 1248 2504 supellicio.

370 2517 530 2587 Item,
559 2539 767 2579 omnes
792 2521 924 2581 illos
965 2523 1320 2598 presbyteros
1346 2531 1404 2578 et
1432 2539 1714 2596 personas,
1739 2521 1843 2597 qui
1869 2521 1933 2578 in
1961 2521 2178 2597 synodo
2205 2539 2340 2577 cum
2376 2516 2676 2596 supellicio
2717 2517 3019 2594 capucium

300 2618 613 2670 tennerunt.
698 2612 884 2690 Super
917 2614 1129 2690 quibus
1166 2614 1215 2672 si
1251 2633 1396 2690 opus
1435 2613 1611 2671 fuerit
1645 2632 1740 2671 eos
1770 2613 2095 2690 astringant
2126 2613 2360 2689 proprio
2386 2613 2729 2687 juramento,
2755 2623 2812 2668 et
2838 2612 3020 2670 omni-

300 2700 394 2760 bus
441 2725 595 2781 quos
653 2705 968 2782 culpabiles
1020 2705 1343 2766 invenerint
1394 2707 1544 2764 diem
1599 2717 2015 2782 competentem
2071 2706 2378 2782 assignent,
2425 2715 2491 2763 ut
2545 2723 2737 2761 coram
2789 2703 3020 2762 domino

299 2795 717 2874 archiepiscopo
762 2809 1125 2874 compareant
1167 2818 1298 2856 cum
1345 2797 1526 2856 literis
1571 2795 1778 2866 brenni,
1823 2799 1896 2857 ab
1941 2799 2143 2857 eodem
2189 2798 2609 2874 archiepiscopo
2658 2795 3017 2873 punitionem

301 2888 589 2964 recepturi.

368 2980 531 3049 Item,
585 2979 954 3057 praecipimus
993 2977 1233 3050 uetanis,
1277 2993 1346 3039 ut
1386 2982 1650 3041 emendas
1693 2977 1937 3040 fideliter
1984 2982 2262 3059 colligant
2312 2994 2370 3040 et
2414 2983 2534 3041 sine
2584 2985 2758 3048 mora,
2800 2980 3016 3039 nemini

299 3068 470 3129 dando
510 3070 851 3130 dilationem
893 3073 1014 3132 sine
1058 3074 1324 3131 mandato
1370 3073 1642 3141 officialis,
1679 3084 1737 3131 et
1781 3072 2123 3149 scripturam
2162 3075 2529 3132 emendarum
2574 3093 2744 3150 penes
2784 3093 2843 3130 se
2884 3073 3015 3130 reti-

300 3176 472 3230 aeaut,
501 3176 572 3221 ut
601 3163 674 3220 de
700 3163 783 3221 eis
811 3163 1030 3239 possint
1058 3165 1289 3224 reddere
1315 3176 1647 3243 compotum
1675 3165 2027 3243 dilig-entem.

369 3254 532 3322 Item,
559 3267 632 3313 nt
657 3255 1050 3331 unusquisque
1088 3259 1328 3320 betanus
1371 3258 1612 3332 majores
1653 3277 1850 3334 poenas
1886 3258 2079 3335 exigat
2106 3256 2168 3314 in
2195 3276 2299 3315 suo
2323 3260 2607 3321 vecanam,
2649 3265 2705 3312 et
2732 3253 3013 3312 debitores

301 3362 479 3404 earum
524 3347 844 3406 monitione
898 3348 1189 3424 praemissa
1236 3351 1309 3407 ad
1367 3351 1699 3410 solvendum
1748 3355 1988 3408 censura
2043 3350 2415 3408 ecclesiastica
2468 3347 2771 3406 autoritate
2818 3349 3013 3403 nostra

300 3440 609 3515 compellat,
661 3441 744 3499 ita
795 3437 951 3518 quod
1002 3442 1142 3518 ipsis
1202 3443 1353 3502 infra
1414 3444 1566 3502 diem
1619 3444 2028 3521 assignandum
2094 3443 2312 3520 possint
2365 3440 2658 3500 ostendere
2714 3438 3010 3496 rationem.

300 3525 545 3589 Nomina
598 3543 792 3590 autem
844 3534 1364 3603 condemnatorum,
1421 3546 1479 3593 et
1532 3536 1595 3593 in
1645 3547 1927 3611 quantum
1991 3535 2206 3594 fuerint
2256 3531 2633 3598 condemnati,
2690 3529 2876 3588 tradat
2928 3528 3010 3586 eis

300 3618 541 3681 Joannes
570 3624 812 3683 Bastou-

356 3889 392 3922 θ
423 3884 534 3935 The
571 3887 796 3938 Articles
829 3887 888 3936 of
913 3887 1157 3953 Enquiry,
1188 3888 1358 3938 drawn
1395 3904 1464 3954 up
1498 3887 1568 3954 by
1600 3889 1875 3954 Rheginon
1911 3889 1990 3939 for
2027 3891 2115 3940 the
2153 3905 2242 3940 use
2280 3890 2338 3940 of
2369 3891 2455 3940 the
2493 3887 2701 3954 bishops
2734 3886 2835 3937 and
2873 3888 3011 3938 their

303 3956 495 4020 Officers,
531 3963 587 4012 in
627 3962 886 4029 Germany
910 3965 1010 4014 and
1047 3967 1194 4016 other
1224 3964 1552 4018 Continental
1587 3966 1767 4026 States,
1804 3980 1889 4016 are
1930 3982 1984 4016 so
2019 3968 2155 4018 little
2196 3969 2443 4019 different
2479 3967 2613 4016 from
2651 3967 2794 4016 these
2834 3965 2891 4014 of
2920 3967 3008 4015 the

303 4033 485 4089 diocese
507 4039 567 4089 of
581 4040 798 4091 Rheims
827 4056 881 4090 as
909 4046 961 4091 to
992 4041 1178 4092 render
1209 4042 1254 4093 it
1279 4057 1615 4108 unnecessary
1636 4044 1716 4093 for
1738 4058 1820 4094 me
1849 4048 1900 4094 to
1932 4049 2127 4095 extract
2153 4046 2296 4095 them
2324 4045 2458 4094 from
2493 4045 2581 4093 the
2609 4045 2710 4094 CC.
2730 4045 3011 4093 Germania

302 4115 520 4166 —vhere
542 4118 662 4182 they
683 4133 835 4168 occur
857 4118 913 4167 in
935 4118 1048 4169 Vol.
1067 4133 1123 4168 11.
1149 4134 1196 4184 p.
1215 4120 1596 4185 438—bearing
1629 4122 1716 4171 the
1745 4122 1910 4180 title‚‘
1916 4123 2219 4186 ‘Inquisitio
2258 4123 2317 4172 de
2354 4123 2452 4185 his,
2481 4137 2591 4186 quo
2628 4123 2901 4184 episeopus,
2931 4121 3011 4168 vel

301 4190 699 4257 Οἰωωίιίεῑῐί,
679 4211 738 4244 m
769 4210 859 4245 suo
891 4195 1127 4246 districtu
1157 4196 1240 4246 vel
1269 4197 1518 4248 territorio
1549 4199 1810 4263 inquirere
1840 4201 2051 4249 debeant
2080 4216 2178 4263 per
2210 4201 2354 4261 vicos,
2374 4215 2542 4262 ραςοε,
2566 4205 2715 4262 atque
2742 4198 3010 4261 parochias

300 4282 394 4317 Μ
427 4272 731 4324 dioeeum.'’
798 4273 943 4338 They
974 4287 1059 4324 are
1100 4276 1204 4324 also
1241 4274 1393 4326 found
1432 4276 1488 4324 in
1527 4277 1616 4327 the
1656 4276 1832 4328 Abbot
1868 4277 1926 4328 of
1964 4278 2212 4328 Prumia's
2246 4280 2383 4327 work
2415 4281 2496 4327 De
2517 4276 2817 4338 Disciplina&
2840 4275 3009 4323 Eccle-

1604 4434 1638 4469 a
1656 4421 1687 4468 2
