3882 5037
811 453 962 524 288
1587 444 2358 527 appennis—Contentum!
2387 446 2759 510 maturuerit-z.
3271 446 3465 519 [Paar
3491 446 3545 504 I.

894 669 947 707 v.
992 652 1174 709 Missa
1200 668 1434 726 quoque
1475 648 1866 709 conventualis
1907 667 2013 725 pro
2053 649 2309 715 mortuis,
2343 649 2432 708 vel
2461 650 2533 706 de
2572 648 2791 725 Spiritu
2821 648 3031 704 Sancto
3074 642 3381 703 solenniter
3405 667 3559 704 cana

816 751 997 800 tetur:
1066 743 1183 816 qua
1227 740 1393 797 finita
1435 739 1587 797 circa
1632 741 1829 797 horam
1871 749 2142 807 octavam,
2182 758 2378 798 omnes
2416 751 2475 799 et
2512 739 2732 816 singuli
2773 738 3186 816 superpelliciis
3223 738 3433 806 induti,
3475 759 3549 796 ex

815 834 1028 910 templo
1069 828 1557 909 processionaliter
1596 832 1788 889 locum
1831 826 2064 905 capituli
2106 830 2370 908 ingressi,
2398 831 2459 889 in
2499 851 2607 889 suo
2646 830 2894 906 quisque
2919 831 3046 887 loco
3074 830 3269 906 (quem
3298 829 3553 908 singulis

815 926 876 984 in
910 926 1095 1003 primo
1133 934 1260 1002 post
1291 924 1438 981 hanc
1471 924 1749 1001 synodum
1787 933 2089 989 conventu,
2117 922 2434 980 secundum
2462 922 2861 999 antiquitatem
2889 921 3060 979 officii
3087 921 3198 987 sui,
3226 920 3308 978 ita
3335 932 3553 987 tamen,

817 1027 881 1074 ut
923 1016 1153 1093 parochi
1198 1026 1460 1083 curatos;
1518 1015 1578 1072 hi
1620 1034 1838 1093 semper
1878 1015 2025 1072 alios
2074 1015 2402 1082 sacerdotes,
2443 1025 2501 1073 et
2541 1016 2857 1073 sacerdotes
2894 1014 3055 1079 alios,
3096 1013 3199 1089 qui
3240 1013 3385 1071 tales
3426 1032 3551 1070 non

816 1120 968 1175 sunt,
996 1107 1347 1174 antecedant,
1378 1104 1682 1182 tupitulum
1722 1107 2064 1184 assignabit)
2105 1106 2421 1166 consideat:
2472 1118 2591 1165 tum
2634 1107 2708 1165 ad
2747 1126 2945 1164 omnes
2982 1108 3238 1173 bttauus,
3266 1106 3357 1164 vel
3397 1105 3556 1163 alius

818 1200 891 1257 ab
932 1220 1000 1258 eo
1041 1195 1263 1257 mature
1304 1200 1667 1268 constitutus,
1694 1200 1924 1259 brevem
1966 1218 2282 1257 sermonem
2323 1200 2546 1266 habeat,
2576 1200 2646 1258 de
2686 1198 2901 1267 officiis,
2928 1209 2987 1256 et
3011 1198 3323 1257 virtutibus
3364 1217 3553 1256 sacer-

820 1292 1036 1359 dotum,
1079 1291 1150 1351 de
1190 1295 1348 1361 cura,
1391 1303 1449 1351 et
1487 1295 1616 1352 zelo
1657 1293 2000 1360 animarum,
2041 1292 2135 1351 vel
2174 1291 2323 1361 aliis,
2365 1312 2497 1368 quae
2535 1292 2777 1370 tempori
2819 1287 3001 1370 magis
3044 1290 3349 1350 convenire
3388 1290 3553 1349 vide-

818 1384 1051 1442 buntur.

900 1494 978 1533 vr.
1020 1476 1129 1535 His
1166 1477 1419 1555 peractis.
1525 1479 1574 1536 1.
1618 1478 1918 1554 Legentur
1959 1487 2176 1534 statuta
2219 1487 2413 1535 nostra
2462 1476 2772 1553 synodalia,
2811 1477 2907 1535 vel
2954 1475 3164 1542 omnia,
3211 1476 3303 1533 vel
3359 1473 3556 1532 media

821 1587 1016 1626 eorum
1046 1589 1188 1647 pars.
1273 1574 1324 1628 2.
1367 1569 1483 1636 An,
1511 1581 1568 1628 et
1615 1570 1904 1645 quomodo
1944 1569 2062 1636 illa,
2106 1569 2197 1627 vel
2236 1568 2353 1626 alia
2380 1568 2760 1636 visitatorum,
2802 1580 2858 1627 et
2899 1577 3092 1626 nostra
3132 1566 3398 1624 mandata
3438 1587 3553 1624 ser-

823 1670 1042 1727 ventur,
1087 1681 1283 1718 omnes
1332 1672 1388 1719 et
1437 1660 1696 1739 singulos
1746 1661 2108 1739 praesidentes
2152 1657 2339 1721 berani
2384 1682 2484 1739 per
2524 1662 2778 1720 ordinem
2823 1659 3271 1737 interrogabunt.
3354 1663 3411 1716 3.
3455 1658 3553 1716 De

823 1752 973 1809 horis
1003 1750 1308 1819 canonicis,
1336 1772 1430 1819 an,
1458 1763 1515 1811 et
1541 1753 1827 1828 quomodo
1858 1752 2185 1820 recitentur,
2213 1773 2356 1829 quas
2382 1753 2456 1811 ob
2484 1772 2685 1810 causas
2712 1752 3071 1812 omittantur.
3151 1754 3207 1810 4.
3251 1752 3342 1809 De
3368 1770 3554 1808 sacra·

825 1853 1144 1901 mentorum
1205 1844 1708 1903 administratione.
1802 1849 1854 1902 5.
1897 1845 1993 1903 An
2048 1845 2411 1903 fundatorum
2470 1845 2862 1903 voluntatibus
2917 1844 3133 1922 singuli
3189 1842 3556 1901 satisfaciant.

827 1937 879 1991 6.
921 1933 1015 1993 An
1046 1936 1276 2012 parochi
1305 1946 1406 2003 tot,
1433 1958 1500 1995 ac
1540 1938 1684 1996 tales
1720 1937 2036 1996 sacerdotes
2075 1939 2254 2004 alant,
2280 1948 2440 2014 quot,
2469 1947 2529 1995 et
2563 1939 2767 2012 quales
2805 1937 3028 1995 debent.
3115 1938 3165 1992 ’1.
3207 1935 3302 1992 An
3329 1933 3556 2011 singuli

826 2027 1201 2086 confiteantur
1241 2026 1739 2096 sacramentaliter,
1776 2024 2003 2104 quoties
2044 2029 2325 2097 deberent,
2364 2034 2599 2106 ejusque
2641 2029 2965 2088 testimonia
3004 2036 3283 2104 petantur.
3366 2029 3423 2083 8.
3460 2027 3556 2084 An

826 2119 1225 2177 catechismum
1255 2120 1513 2187 doceant,
1541 2132 1601 2179 et
1626 2121 1929 2196 quomode.
2014 2122 2066 2177 9.
2105 2121 2297 2186 Quam
2327 2121 2603 2179 familiam
2630 2120 2877 2195 quisque
2905 2119 3126 2186 habeat,
3157 2129 3215 2177 et
3243 2113 3551 2196 praesertim

828 2211 897 2269 de
925 2210 1187 2270 foeminis.
1276 2216 1364 2270 10.
1394 2215 1486 2272 De
1514 2213 1653 2279 vita,
1683 2211 1901 2279 babitu,
1931 2222 1991 2269 et
2029 2213 2322 2271 honestate
2362 2212 2519 2279 cleri,
2547 2233 2613 2270 ac
2653 2212 2872 2290 populi,
2916 2212 2985 2269 de
3022 2210 3241 2277 litibus,
3269 2208 3557 2287 gravami-

827 2303 1016 2370 nibus,
1045 2304 1286 2378 injuriis‚
1316 2305 1612 2371 scandalis,
1641 2315 1698 2362 et
1723 2304 1810 2361 his
1839 2303 2125 2362 similibus
2155 2303 2514 2361 tractandum
2542 2304 2666 2362 erit.
2760 2303 2849 2360 11.
2878 2302 3260 2379 Negligentes
3289 2301 3558 2376 denique,

828 2406 885 2454 et
911 2394 1219 2453 defectuosi
1249 2415 1353 2472 pro
1378 2396 1658 2471 qualitate
1686 2395 1940 2454 criminis
1970 2397 2334 2453 mulctentur.

909 2503 1012 2544 vn.
1054 2486 1208 2545 Ante
1237 2485 1429 2546 omnia
1456 2481 1589 2546 vero
1629 2486 1735 2546 boc
1777 2483 2206 2564 diligentissime
2246 2486 2592 2552 observetur,
2618 2494 2687 2542 ut
2727 2484 2798 2543 ab
2838 2482 3089 2542 oratione
3138 2475 3382 2560 quaeque
3428 2502 3559 2542 con-

831 2577 1093 2654 gregatio
1129 2579 1442 2645 inchoetur,
1473 2589 1529 2636 et
1569 2578 1743 2636 simul
1786 2578 2137 2637 terminetur.
2220 2580 2408 2637 Omne
2445 2596 2693 2652 namque
2736 2577 2949 2635 bonum
2988 2597 3025 2634 a
3064 2587 3222 2654 patre
3261 2577 3555 2633 luminum

831 2668 1133 2726 descendit.
1243 2667 1435 2733 Quare
1477 2668 1580 2727 ubi
1633 2669 1707 2726 ad
1755 2669 1948 2726 locum
1997 2669 2380 2735 convenerint,
2421 2687 2618 2726 omnes
2657 2663 2976 2724 alternatim
3018 2678 3073 2725 et
3111 2666 3275 2725 flexis
3313 2667 3557 2743 genibus

831 2760 1137 2833 hymnum:
1185 2760 1323 2815 Veni
1345 2761 1582 2816 Creator
1605 2759 1869 2834 Spiritus,
1892 2758 2229 2817 recitabunt.
2313 2760 2628 2816 Collectam
2659 2758 2730 2815 de
2759 2758 2981 2834 Spiritu
3009 2759 3219 2816 Sancto
3246 2758 3558 2835 subjunget

829 2851 1086 2912 betanus.
1171 2850 1456 2908 Omnibus
1483 2849 1679 2917 finitis,
1708 2849 1976 2908 similiter
2002 2850 2245 2927 quisque
2271 2852 2442 2909 semel
2474 2852 2660 2918 Pater,
2681 2861 2741 2908 et
2762 2848 2906 2918 Ave,
2934 2869 3130 2908 secum
3151 2846 3353 2909 devote
3377 2851 3558 2908 dicetz

830 2941 1068 3003 bannus
1096 2940 1342 3016 denique
1369 2942 1521 2998 clara
1552 2961 1689 2999 voce
1718 2940 2032 2999 orationem
2060 2942 2129 2999 de
2157 2952 2415 3018 tempore
2440 2942 2721 3016 subjiciat.

912 3051 1039 3091 vm.
1081 3028 1303 3091 Dttaui
1337 3028 1628 3091 interdiim
1666 3052 1784 3090 uno
1819 3053 2011 3093 mense
2046 3045 2175 3093 ante
2212 3034 2727 3112 congregationem,
2758 3036 2910 3093 clero
2941 3053 3046 3092 suo
3078 3032 3384 3092 exhibeant
3413 3035 3556 3093 duos

834 3124 925 3182 vel
953 3135 1063 3182 tres
1090 3145 1255 3183 casus
1282 3125 1654 3192 conscientiae,
1681 3125 1744 3183 in
1771 3126 2214 3203 congregatione
2243 3128 2609 3187 excutiendos
2638 3139 2694 3187 et
2722 3126 3078 3186 decidendos.

917 3235 990 3273 lx.
1035 3213 1315 3293 &apstula
1357 3214 1570 3277 uitalia
1619 3228 1955 3296 potestatem
2009 3219 2322 3278 definiendi
2372 3241 2490 3279 non
2537 3221 2758 3287 habent,
2800 3219 2896 3278 sed
2947 3229 3170 3275 tantum
3215 3214 3555 3292 inquirendi,

836 3307 1132 3376 referendi,
1175 3311 1514 3386 exequendi,
1557 3331 1688 3388 quae
1735 3311 1854 3369 illis
1903 3314 2174 3370 mandata
2215 3313 2444 3380 fuerint,
2488 3334 2558 3371 ac
2606 3313 2900 3390 puniendi.
2996 3310 3281 3384 Nihilque
3322 3301 3555 3366 omnino

833 3398 1060 3466 sacient,
1087 3400 1243 3475 quod
1270 3401 1370 3469 eie,
1397 3404 1489 3460 vel
1530 3421 1727 3462 eorum
1767 3400 2010 3470 hunnis,
2050 3403 2109 3461 in
2152 3404 2240 3461 his
2281 3404 2649 3481 synodalibus
2689 3402 2944 3469 decretis,
2984 3403 3077 3460 vel
3117 3400 3261 3459 alias
3301 3396 3555 3476 expressi?

835 3493 1175 3567 permissum
1201 3512 1321 3551 non
1348 3494 1528 3553 fuerit.

917 3602 971 3640 x.
1011 3583 1283 3660 Sigillum
1312 3586 1608 3663 proprium
1635 3586 1868 3664 singula
1891 3587 2155 3654 babeant,
2185 3598 2243 3644 et
2269 3606 2579 3645 carcerem:
2621 3586 2718 3643 sed
2745 3604 2967 3645 carcere
3006 3606 3123 3644 non
3164 3596 3402 3643 utantur
3434 3581 3557 3661 ipsi,

837 3675 928 3732 vel
968 3674 1223 3750 ipsorum
1267 3675 1471 3745 unani,
1498 3678 1612 3736 nisi
1653 3679 1715 3736 in
1753 3690 2005 3754 quatuor
2037 3677 2277 3736 casibus.
2366 3680 2416 3737 1.
2444 3678 2595 3735 Cum
2636 3677 2970 3735 scandalum
3006 3678 3292 3744 ebrietate,
3320 3677 3556 3733 fornica-

839 3765 1011 3833 tione,
1051 3766 1424 3844 blasphemifl,
1469 3771 1561 3828 vel
1607 3771 1737 3827 aliis
1789 3772 2033 3847 peccatis
2080 3770 2341 3848 publicis,
2384 3790 2419 3826 a
2459 3769 2611 3827 clero
2651 3771 2868 3846 populo
2907 3770 3151 3827 dabitur.
3233 3772 3287 3826 2.
3315 3767 3556 3834 Quando

838 3857 1086 3915 officium
1117 3880 1287 3917 suum
1314 3881 1432 3920 non
1458 3861 1676 3919 faciunt
1702 3862 1917 3929 clerici,
1937 3876 1995 3920 et
2020 3883 2151 3937 quae
2178 3863 2270 3920 his
2295 3860 2519 3920 statutis
2546 3861 2755 3937 cuique
2784 3863 3115 3937 praescripta
3141 3860 3317 3925 fuere,
3336 3852 3557 3936 publice

839 3949 1254 4025 neglig-uatum
1314 3963 1368 4010 et
1414 3953 1529 4010 alia
1576 3972 1743 4030 poena
1792 3973 1908 4011 non
1951 3954 2059 4012 suit
2094 3954 2370 4031 opposita.
2459 3956 2513 4009 3.
2559 3953 2631 4010 In
2672 3952 2881 4010 clausis
2917 3953 3187 4019 rixarum,
3217 3969 3556 4027 pugnarum,

840 4041 965 4099 aeris
992 4043 1184 4112 alieni,
1215 4045 1555 4104 debitorum.
1639 4051 1693 4105 4.
1731 4047 1881 4104 Cum
1910 4048 1992 4105 eis
2019 4067 2055 4103 a
2082 4045 2575 4123 generali-vicario
2603 4055 2794 4103 nostro
2824 4045 3143 4121 injunctum
3172 4043 3360 4101 fuerit.

921 4153 998 4191 x1.
1043 4134 1355 4195 Matricula
1394 4138 1685 4204 habeatur,
1726 4137 1787 4194 in
1829 4140 1944 4212 qua
1988 4137 2246 4195 omnium
2288 4137 2641 4194 sacerdotum
2672 4137 2905 4193 nomina
2936 4135 3333 4200 inscribantur,
3365 4132 3556 4196 officia,

842 4226 1042 4303 patria,
1070 4228 1342 4296 dioecesis,
1368 4249 1520 4289 mors
1560 4240 1615 4288 et
1655 4240 1884 4305 tempus
1921 4229 2210 4305 ingresssts
2248 4229 2306 4285 in
2341 4224 2666 4303 rapitulum,
2695 4227 2788 4284 vel
2821 4227 2880 4285 in
2922 4228 3067 4284 hanc
3104 4227 3386 4285 dioecesin.
3469 4225 3553 4283 Ex

841 4318 946 4375 hac
977 4320 1187 4377 mortui
1218 4319 1364 4378 vivis
1391 4322 1863 4380 commendentur
1893 4332 2144 4397 tempore
2171 4319 2649 4397 congregationis.
