3882 5037
853 461 1004 532 248
1631 448 2395 530 amunia—etonflmtal
2423 449 2790 517 Documenta.
3305 458 3494 531 [Pin-r
3519 462 3565 517 Ι.

938 682 1002 721 11.
1045 656 1228 719 Porro
1252 662 1576 720 betanotum
1604 655 1852 715 officium
1878 665 1980 721 est,
2009 653 2072 712 in
2101 653 2190 711 sui
2215 649 2515 717 bttanatt'is
2544 652 2801 730 partibus
2829 673 3046 721 curare,
3074 664 3141 710 ut
3167 655 3477 715 sacerdotes
3516 669 3571 715 et

857 753 1052 813 clerici
1079 771 1295 817 omnes,
1323 772 1389 808 ac
1419 743 1790 826 singulariter
1818 758 2071 823 pastores
2098 746 2276 805 vitam
2301 758 2477 822 agant
2519 750 2625 804 sua
2662 746 2960 805 vocatione
3001 746 3251 822 dignam,
3279 768 3347 806 ac
3387 749 3572 816 talem,

856 857 923 903 ut
946 864 1116 903 nemo
1144 843 1213 901 de
1239 841 1377 918 ipsis
1403 841 1584 916 quaeri
1613 838 1825 915 possit:
1866 838 2125 912 nihilque
2154 838 2216 895 in
2245 837 2385 913 ipsis
2412 837 2524 896 nisi
2565 858 2758 916 grave,
2786 838 3123 905 modestum,
3149 838 3574 917 imitationeque

855 936 1098 1012 dignum
1144 932 1535 1010 conspiciatur.
1632 926 1801 997 Quod
1850 930 1900 988 si
1946 931 2019 988 ab
2060 929 2141 988 eis
2185 930 2302 1000 (vel
2345 924 2384 986 ὲ
2422 948 2786 1005 quocumque
2829 929 3206 989 ecclesiastioe
3260 932 3431 990 etiam
3479 953 3572 991 ex·

856 1028 1074 1104 empto)
1118 1025 1338 1101 aliquid
1386 1019 1542 1083 seciis
1589 1018 1768 1098 quam
1810 1024 2004 1082 deceat
2047 1022 2263 1079 factum
2307 1021 2656 1098 intelligant,
2704 1023 2920 1097 absque
2968 1024 3092 1082 ulla
3132 1022 3572 1084 dissimulatione

857 1119 1022 1177 nobis
1066 1117 1425 1194 significent:
1492 1135 1565 1173 ne
1611 1134 1713 1191 per
1755 1114 2071 1173 socordiam
2114 1123 2216 1170 aut
2254 1113 2697 1180 conniventiam,
2735 1113 3053 1171 alienorum
3098 1128 3457 1191 peccatorum
3496 1116 3573 1174 rei

858 1211 1193 1275 efficiantur,
1240 1209 1549 1282 eodemque
1600 1209 1728 1266 loco
1771 1201 1811 1263 a
1852 1206 2017 1264 nobis
2070 1205 2401 1273 habeantur,
2444 1224 2561 1280 quo
2614 1204 2701 1262 illi
2742 1204 2845 1280 qui
2888 1205 3153 1264 scandala
3201 1209 3572 1266 committunt.

860 1304 1023 1362 Idem
1050 1295 1240 1377 quoad
1268 1299 1669 1358 ecclesiasticos
1694 1298 1758 1357 in
1785 1303 1890 1356 sua
1916 1297 2188 1374 parochia
2215 1298 2499 1374 degentes,
2530 1297 2639 1355 sibi
2667 1308 2920 1373 pastores
2946 1309 3294 1375 praeceptum
3322 1301 3515 1358 sciant.

939 1414 1025 1454 111.
1068 1387 1292 1450 Deinde
1333 1392 1396 1449 in
1437 1391 1542 1450 hoc
1581 1391 1899 1467 advigilent
1924 1384 2128 1455 uetant,
2155 1400 2223 1446 ut
2249 1400 2500 1466 pastores
2525 1389 2587 1447 in
2615 1389 3022 1465 praedicatione
3049 1392 3206 1449 verbi
3235 1393 3366 1460 Dei,
3396 1413 3571 1451 sacra·

858 1497 1184 1545 mentorum
1224 1483 1729 1551 administratione,
1754 1495 1812 1542 et
1853 1483 1915 1540 in
1956 1481 2113 1539 omni
2152 1480 2447 1540 functione
2484 1480 2785 1558 pastoralis
2814 1480 2984 1541 officii
3012 1482 3120 1552 sui,
3146 1481 3300 1543 recte
3339 1485 3571 1562 diligen·

859 1589 1056 1653 terque
1103 1588 1410 1637 versentur.
1504 1576 1718 1634 Adhaec
1759 1575 1913 1653 ipsos
1959 1569 2188 1650 quando
2232 1593 2378 1649 opus
2427 1572 2601 1632 fuerit
2639 1572 2889 1641 visitent,
2930 1589 3216 1643 moneant,
3258 1577 3570 1655 corripiant,

858 1671 1237 1736 consolentur,
1275 1667 1513 1726 consilio
1556 1667 1913 1733 subveniant,
1948 1666 2196 1742 denique
2242 1668 2365 1725 veri
2402 1666 2645 1744 pastoris
2686 1666 2933 1725 officium
2974 1687 3113 1745 erga
3151 1668 3287 1730 illos
3319 1689 3483 1729 sanos
3518 1681 3572 1729 et

861 1773 1123 1838 aegrotos,
1151 1762 1311 1821 vivos
1340 1770 1396 1818 et
1421 1770 1675 1818 mortuos
1702 1770 2015 1818 exerceant.
2095 1757 2343 1817 Pax-ochi
2369 1778 2597 1835 quoque
2622 1759 2751 1818 illos
2779 1756 3026 1819 vicissim
3057 1782 3158 1839 pro
3184 1762 3307 1821 suis
3344 1763 3569 1840 pastori-

858 1854 963 1911 bus
990 1863 1299 1929 agnoscant
1326 1862 1383 1910 et
1412 1862 1789 1911 revereantur.

943 1966 1020 2003 iv.
1062 1945 1146 2003 Ut
1186 1957 1378 2003 autem
1418 1946 1536 2002 haec
1578 1955 1637 2001 et
1674 1942 1792 2001 alia
1828 1961 2076 2019 quorum
2117 1941 2256 2020 ipsis
2292 1963 2436 2002 cura
2460 1942 2740 2002 incumbit
2765 1940 2988 2003 facilius
3016 1958 3391 2022 exequantur,
3419 1947 3573 2006 liceat

857 2036 998 2115 ipsis
1041 2047 1293 2114 pastores
1335 2035 1426 2095 sui
1468 2036 1775 2103 districtus,
1814 2029 1943 2092 cum
1988 2035 2253 2112 expedire
2291 2035 2624 2109 judicarint,
2666 2057 2998 2104 convocare,
3023 2038 3093 2096 de
3131 2049 3290 2097 statu
3330 2051 3388 2098 et
3415 2040 3570 2098 rebus

858 2127 1231 2187 ecclesiarum
1274 2148 1407 2185 cum
1451 2128 1587 2195 illis,
1619 2129 1708 2187 vel
1744 2127 2012 2204 singuliS,
2053 2129 2144 2187 vel
2180 2128 2445 2186 omnibus
2491 2128 2665 2187 simul
2710 2151 2898 2207 agere,
2941 2132 3012 2189 de
3062 2134 3339 2208 pastorali
3379 2132 3568 2199 offici0,

858 2219 1248 2281 observatione
1292 2231 1638 2280 statutorum
1681 2220 1919 2279 consilia
1962 2219 2128 2287 inire,
2174 2221 2581 2281 controversias
2620 2222 2670 2280 si
2707 2243 2837 2298 quae
2877 2235 3013 2283 ortae
3054 2224 3188 2291 sint,
3232 2244 3568 2302 componere,

859 2312 1085 2389 aliaque
1129 2333 1301 2389 agere
1348 2334 1477 2388 quae
1518 2332 1623 2389 pro
1665 2311 1852 2372 officio
1893 2310 2157 2371 facienda
2192 2313 2333 2389 ipsis
2372 2313 2720 2374 incumbent.
2802 2316 3085 2375 Excessus
3112 2328 3309 2374 autem
3348 2317 3483 2375 cleri
3518 2327 3570 2375 et

858 2406 1073 2482 populi,
1101 2416 1158 2463 et
1199 2404 1451 2464 defectus
1499 2426 1774 2473 enormes,
1802 2416 1904 2463 aut
1950 2425 2201 2480 quorum
2243 2426 2363 2464 non
2405 2417 2490 2464 est
2531 2406 2711 2465 facilis
2751 2409 3089 2475 emendatio,
3135 2404 3377 2468 fideliter
3415 2407 3567 2467 nobis

859 2496 1198 2574 significent.

941 2609 996 2648 v.
1038 2585 1222 2649 Porro
1272 2587 1559 2650 ordinarie
1611 2588 1917 2668 quotannis
1972 2588 2057 2650 bis
2104 2601 2417 2651 convocent
2458 2589 2646 2652 unani
2697 2594 2771 2651 ad
2815 2614 2947 2652 suas
2992 2594 3138 2652 aedes
3196 2614 3393 2653 omnes
3443 2612 3567 2651 suos

859 2692 1129 2757 pastores,
1156 2681 1229 2737 ad
1273 2700 1341 2737 ea
1380 2700 1511 2755 quae
1544 2675 1666 2754 jam
1709 2680 1958 2738 diximus
2000 2682 2327 2752 tractanda;
2368 2678 2542 2740 semel
2579 2687 2698 2741 una
2733 2694 2836 2741 aut
2860 2686 3037 2742 altera
3063 2685 3413 2742 hebdomada
3450 2697 3566 2741 ante

856 2783 1110 2830 nostram
1151 2771 1463 2847 synodum:
1504 2767 1706 2830 iter-iun
1749 2776 1866 2830 una
1906 2783 2008 2830 aut
2046 2774 2222 2832 alterii
2256 2775 2607 2834 hebdomada
2636 2786 2770 2834 ante
2798 2776 3042 2853 primam
3070 2777 3355 2836 Octobris.
3434 2771 3567 2834 Cim:

854 2864 1009 2922 enim
1037 2863 1124 2920 his
1149 2863 1501 2937 temporibus
1526 2858 1711 2922 uetant
1739 2883 1927 2922 coram
1958 2865 2125 2923 nobis
2150 2867 2434 2942 explicare
2463 2866 2702 2926 debeant
2730 2878 2913 2926 totum
2941 2868 3310 2927 ecclesiarum
3348 2888 3564 2926 suarum

857 2967 1100 3024 statum:
1162 2964 1383 3031 oportet
1426 2964 1492 3011 ut
1535 2949 1692 3032 priiis
1741 2976 1875 3012 cum
1932 2956 2253 3031 pastoribus
2306 2959 2666 3024 conveniant.
2709 2970 2878 3036 atque
2918 2959 2978 3017 hi
3026 2956 3420 3035 particularius
3464 2959 3568 3017 illis

855 3047 1067 3123 scripto
1107 3066 1438 3123 expressum
1479 3047 1703 3105 tradant
1744 3059 1958 3105 statum
1998 3048 2182 3117 illum,
2213 3062 2269 3108 et
2305 3071 2600 3110 excessus:
2643 3054 2888 3128 denique
2918 3052 3276 3112 difficultates
3317 3073 3443 3111 suas
3480 3052 3564 3108 de-

856 3141 1090 3207 clarent,
1122 3140 1191 3198 ad
1221 3158 1326 3197 nos
1355 3134 1475 3200 una
1501 3160 1633 3199 eum
1659 3141 2032 3199 ecclesiarum
2061 3153 2214 3200 statu
2244 3144 2573 3202 referendas..

938 3252 1016 3291 v1.
1060 3227 1242 3291 Porro
1270 3231 1332 3290 in
1361 3232 1448 3289 his
1476 3229 1834 3294 conflentibus
1860 3233 2137 3291 habeatur
2178 3229 2428 3309 primum
2456 3234 2637 3294 oratio
2664 3234 2845 3294 latina
2885 3247 2986 3293 aut
3028 3237 3336 3294 vernacula
3374 3234 3565 3310 lingua

857 3324 919 3382 in
946 3325 1210 3383 ecclesiae
1255 3320 1456 3383 deinde
1485 3336 1689 3402 agatur
1717 3326 1786 3382 de
1818 3325 1889 3382 iis
1916 3344 2047 3400 quae
2075 3320 2255 3401 supra.
2294 3327 2872 3385 commemoravimus.
2956 3327 3352 3387 Exhibeantur
3390 3327 3563 3392 etiam,

854 3429 922 3475 ut
950 3418 1216 3484 diximus,
1246 3437 1506 3476 excessus
1535 3417 1594 3475 in
1625 3415 1844 3492 scriptis
1874 3419 1981 3475 sub
2015 3416 2375 3495 singulorum
2418 3419 2649 3477 nomine
2675 3430 2732 3477 et
2760 3420 3094 3496 signatura:
3147 3416 3303 3495 quod
3343 3420 3389 3477 si
3429 3415 3566 3475 nulli

856 3530 1117 3567 excessus
1157 3509 1388 3577 fuerint,
1416 3509 1561 3567 illud
1602 3509 1792 3585 ipsum
1835 3508 2042 3585 scripto
2083 3511 2465 3586 exprimatur:
2509 3523 2566 3569 et
2592 3511 2652 3570 hi
2682 3531 2945 3570 excessus
2972 3524 3039 3570 ut
3069 3506 3367 3570 minimum
3406 3510 3561 3585 quin·

858 3602 1003 3660 dena
1029 3614 1162 3659 ante
1192 3602 1343 3658 diem
1371 3601 1572 3678 synodi
1601 3600 1952 3660 ordinarium
1979 3602 2049 3658 ad
2077 3622 2180 3660 nos
2208 3603 2523 3662 mittantur.

935 3712 1038 3749 vn.
1080 3687 1249 3758 Quod
1275 3692 1324 3749 si
1353 3704 1480 3767 post
1508 3693 1742 3768 aliquod
1770 3704 1995 3768 tempus
2024 3692 2271 3751 viderint
2298 3714 2393 3753 eos
2418 3694 2523 3770 qui
2550 3705 2851 3773 peccarant
2877 3714 2992 3753 non
3019 3694 3199 3762 citari,
3232 3696 3321 3754 vel
3357 3691 3563 3752 incur-i&⁴

857 3783 1256 3842 officiariorum
1296 3794 1636 3849 nostrorum,
1666 3784 1756 3841 vel
1784 3783 2086 3851 oblivione,
2120 3786 2210 3843 vel
2237 3786 2350 3844 alia
2378 3787 2446 3844 de
2473 3791 2677 3855 caus&
2719 3786 2924 3844 iterato
2950 3785 3023 3843 ad
3050 3806 3155 3844 nos
3183 3788 3273 3844 vel
3299 3785 3563 3845 archidia-

857 3894 1069 3932 conum
1097 3896 1266 3933 suum
1295 3876 1522 3932 mittant
1549 3875 1776 3933 eosdem
1811 3895 2092 3942 excessus,
2124 3880 2396 3952 (quorum
2425 3878 2661 3954 proinde
2692 3877 2917 3953 copiam
2956 3896 3127 3953 penes
3154 3899 3212 3937 se
3243 3877 3562 3944 servabunt)

856 3987 928 4025 ne
986 3969 1197 4027 scelera
1251 3965 1539 4041 impunita
1592 3978 1876 4034 maneant,
1925 3967 2445 4046 significabuntque
2495 3969 2772 4044 ejusmodi
2824 3988 3095 4045 personas
3150 3964 3396 4028 nondum
3450 3987 3561 4024 esse

854 4059 1066 4116 citatas.

933 4169 1059 4208 vm.
1102 4149 1364 4208 Afferant
1407 4146 1581 4206 etiam
1616 4148 1686 4204 ad
1725 4149 1827 4206 hos
1867 4154 2168 4214 tonbtntuss
2211 4162 2484 4228 pastores,
2515 4162 2728 4209 statuta
2766 4153 2883 4209 haec
2926 4162 3136 4218 nostra,
3164 4171 3292 4209 cum
3334 4147 3559 4208 decretis

855 4240 1104 4298 Concilii
1131 4240 1470 4307 Tridentini,
1490 4251 1546 4298 et
1562 4241 1980 4299 Cameracensis
2010 4242 2391 4318 provincialis,
2408 4245 2800 4318 affirmentque
2823 4263 2882 4301 se
2903 4242 3004 4301 illa
3027 4237 3131 4319 pro
3157 4241 3561 4319 opportunitate

854 4329 1159 4407 diligenter
1186 4334 1394 4409 legere,
1426 4345 1482 4391 et
1509 4327 1826 4391 observare.
