3882 5037
346 450 495 508 San-r.
520 449 590 505 V.
617 447 691 519 2.]
1133 440 1785 516 &trunsum—Dionae
1816 443 1873 502 of
1899 442 2241 507 &sustenta
2897 447 3044 517 305
3120 405 3122 407 ¹

339 665 452 703 esse
480 644 742 702 docuerit.
828 644 986 700 Eum
1013 637 1165 708 vero,
1192 642 1283 699 vel
1312 661 1428 708 eos,
1456 640 1562 716 qui
1590 661 1650 698 se
1677 640 1798 699 sine
1825 661 2104 700 consensu
2128 640 2335 709 betani,
2363 644 2457 702 vel
2485 653 2682 701 contra
2707 643 2830 716 ejus
2852 645 3043 704 admo-

337 737 620 802 nitionem,
648 735 711 792 in
748 733 1033 808 ejusmodi
1072 732 1435 791 ecclesiarum
1478 732 1810 800 ministeria,
1840 734 2068 811 propria
2107 735 2442 794 auctoritate
2481 735 2833 812 ingesserint,
2860 736 3043 805 nobis,

338 830 418 886 vel
443 827 652 885 vicario
678 837 874 884 nostro
899 819 1320 902 quamprimilm
1352 823 1672 899 significare
1700 824 1944 882 studeat.

408 939 484 976 ιι.
526 913 813 976 Ρτωιετεὲ
837 916 1186 979 ordinamus.
1215 927 1280 973 ut
1311 916 1558 991 quilibet
1589 918 1845 981 hunnus,
1874 915 2025 973 infra
2049 917 2222 975 unius
2253 919 2462 977 mensis
2491 917 2757 995 spatium,
2786 913 2824 974 a
2849 918 3040 995 publi-

334 1011 546 1067 catione
572 1019 628 1066 et
653 1009 904 1068 editione
934 1008 1300 1085 praesentium
1326 1018 1689 1074 statutorum,
1720 1027 1916 1065 omnes
1945 1027 2080 1066 suos
2108 1011 2435 1079 confratres,
2464 1011 2756 1088 parochos,
2786 1009 3042 1077 vicarios,

333 1103 648 1166 sacellanos,
664 1112 721 1158 et
743 1101 991 1175 denique
1019 1100 1337 1158 sacerdotes
1361 1110 1419 1157 et
1441 1098 1674 1158 clericos
1702 1119 2096 1176 quoscunque,
2113 1102 2287 1160 etiam
2313 1105 2622 1181 regulares,
2640 1101 3037 1177 cujuscunque

333 1192 558 1258 ordinis,
595 1193 698 1266 qui
726 1194 818 1250 vel
859 1212 1056 1249 curam
1095 1191 1434 1256 animarum,
1463 1191 1525 1248 in
1564 1190 1763 1266 aliqua
1803 1193 2042 1249 ecclesia
2082 1194 2357 1261 saeculari,
2388 1195 2479 1252 sui
2520 1193 2829 1259 districtfis,
2856 1194 3036 1252 admi-

333 1284 583 1351 nistrant,
610 1284 702 1341 vel
736 1284 904 1342 aliud
935 1283 1188 1341 ecclesiae
1223 1283 1510 1341 saecularis
1548 1282 1928 1341 ministerium
1956 1297 2232 1352 exercent,
2263 1286 2313 1344 si
2340 1287 2410 1344 de
2437 1304 2633 1344 eorum
2661 1283 3039 1354 institutione,

332 1394 424 1431 seu
464 1375 818 1441 investitura,
860 1373 1271 1442 commissione,
1313 1375 1423 1441 vel,
1463 1394 1607 1450 quas
1648 1386 1868 1440 vocant,
1910 1374 2178 1442 induciis,
2220 1376 2331 1434 sibi
2375 1395 2491 1433 non
2533 1376 2864 1443 constiterit,
2906 1397 3038 1436 suas

331 1465 706 1531 investituras,
732 1466 826 1522 vel
868 1465 1291 1522 commissiones
1328 1465 1475 1522 infra
1509 1464 1837 1540 quindecim
1864 1464 2087 1523 dierum
2117 1462 2371 1543 proxime
2399 1467 2760 1543 sequentium
2788 1469 3038 1543 spatium

332 1557 429 1614 sub
452 1561 624 1634 poena
650 1555 1058 1631 suspensionis,
1085 1555 1197 1613 sibi
1232 1556 1539 1622 ostendere,
1566 1555 1902 1613 auctoritate
1928 1561 2120 1614 nostra
2148 1557 2209 1615 in
2240 1558 2466 1634 scriptis
2495 1558 2758 1633 requirat.
2842 1559 2905 1616 Si
2932 1561 3038 1635 qui

332 1648 384 1703 id
423 1649 605 1706 faeere
653 1648 963 1714 noluerint,
1003 1649 1095 1706 vel
1139 1668 1255 1706 non
1301 1647 1608 1724 potuerint,
1647 1667 1777 1704 mox
1821 1648 2061 1710 betanus
2103 1650 2328 1707 eosdem
2373 1650 2447 1707 ab
2487 1650 2755 1708 ordinum
2801 1670 3038 1709 suorum

332 1740 653 1798 executione
692 1738 1014 1814 suspendat.
1097 1738 1185 1796 Sit
1224 1749 1415 1797 antem
1457 1738 1637 1796 forma
1677 1739 2085 1814 suspensionis,
2127 1761 2300 1815 quam
2341 1739 2528 1801 unani
2570 1743 2633 1800 in
2679 1755 3038 1802 contumacoe

330 1832 528 1906 scripto
558 1830 757 1896 serant,
783 1829 916 1886 talis
933 1831 1185 1897 z—Quia
1223 1835 1287 1887 tu
1314 1831 1394 1887 N.
1421 1831 1521 1887 sub
1557 1827 1736 1905 poend
1773 1832 2153 1905 suspensionis
2188 1834 2537 1901 admonitus,
2569 1838 2633 1891 ut
2671 1831 2836 1910 infra
2872 1839 3038 1911 quin-

331 1923 497 1980 decim
531 1924 757 1980 dierum
789 1923 1068 1997 spatium,
1103 1923 1353 1989 titulum,
1392 1924 1801 1988 investituram,
1841 1925 2308 1992 commissionem,
2334 1928 2418 1984 vel
2457 1927 2721 1984 inducias
2758 1929 2844 1985 lui
2878 1929 3037 1985 bene·-

311 2013 434 2087 ficii
471 2014 798 2079 ostenderes,
824 2011 1104 2086 ejusmodi
1143 2015 1521 2071 admonitioni
1558 2032 1677 2070 non
1711 2015 2002 2089 paruisti.-
2045 2010 2270 2082 idcircd,
2301 2034 2400 2092 eqo
2427 2018 2506 2074 N.
2534 2022 2773 2081 hetam&
2809 2015 3038 2094 tupituli

332 2106 400 2164 N.
426 2108 770 2164 auctoritate
813 2101 1113 2162 ordinaria
1157 2105 1301 2161 mihi
1341 2100 1616 2169 concessa,
1660 2109 1711 2160 te
1766 2104 1833 2160 in
1887 2106 1973 2162 his
2024 2108 2269 2181 scriptis,
2316 2108 2389 2163 ab
2443 2110 2678 2165 ecclesiae
2730 2110 3040 2166 ministerio

331 2200 616 2276 suspendo,
655 2203 710 2255 et
748 2217 1089 2274 suspensum
1127 2197 1425 2254 denuncioz
1509 2196 1723 2252 Actum
1761 2198 1847 2254 die
1873 2198 1974 2254 διο.
2056 2199 2246 2264 Quam
2288 2199 2531 2256 formam
2577 2201 2750 2258 etiam
2796 2200 2859 2256 in
2905 2201 3038 2258 aliis

330 2291 571 2348 censuris
622 2289 973 2366 infligendis,
1008 2290 1174 2362 juxta
1220 2308 1526 2347 causarum
1580 2287 1927 2362 exigentiam
1983 2288 2268 2346 observari
2324 2291 2604 2347 volumus.
2689 2291 2781 2348 De
2836 2302 3039 2349 caetero

330 2394 504 2440 autem
535 2386 780 2444 betanus
813 2381 1036 2438 nullum
1071 2380 1221 2437 infra
1253 2398 1423 2436 suum
1458 2382 1803 2444 betanatum,
1833 2377 1892 2434 in
1930 2378 2173 2453 alicujus
2204 2380 2451 2437 ecelesiae
2482 2379 2814 2446 ministeriu,
2836 2380 2951 2438 nisi
2983 2381 3038 2439 ei

330 2468 470 2548 prihs
505 2475 763 2542 titulum,
791 2472 1204 2539 investituram,
1234 2470 1681 2529 commissionem
1715 2470 1807 2528 vel
1848 2469 2125 2540 inducias,
2146 2481 2357 2538 nostr0,
2387 2472 2479 2531 vel
2512 2470 2818 2530 vicariatsss
2858 2473 3039 2531 nostri

330 2565 510 2640 sigillo
542 2567 814 2645 signatas,
843 2562 1150 2620 ostenderit
1183 2562 1468 2630 admittat,
1496 2574 1599 2621 aut
1636 2563 1867 2620 toleret:
1909 2564 2065 2637 quod
2096 2564 2145 2622 si
2175 2567 2414 2628 betanus
2450 2564 2777 2640 quempiam
2813 2565 3034 2632 talium,

330 2655 510 2715 literas
548 2678 695 2724 suas,
723 2668 790 2715 ut
827 2655 1156 2731 praedictum
1197 2664 1299 2722 est,
1329 2655 1438 2712 sibi
1474 2675 1592 2713 nou
1634 2654 2012 2722 exhibentem,
2039 2655 2100 2713 in
2128 2656 2409 2731 regimine
2436 2656 2713 2723 beneficii,
2742 2657 2835 2715 vel
2868 2657 3036 2715 mini-

332 2750 486 2807 sterio
540 2748 933 2812 eeclesiastico,
985 2747 1143 2803 ultra
1195 2744 1524 2821 praedictam
1576 2744 1944 2819 quindenam,
1997 2747 2336 2813 toleraverit,
2388 2768 2538 2815 eum,
2586 2758 2652 2805 ut
2695 2748 2817 2821 jam
2869 2760 3037 2807 antea

332 2841 639 2908 mandatur,
681 2861 801 2899 non
854 2837 1281 2915 suspendend03
1336 2846 1470 2893 tuuc
1521 2835 1652 2894 aliis
1702 2835 2034 2910 quindecim
2082 2838 2284 2897 diebus
2337 2840 2563 2916 elapsis,
2611 2840 2733 2916 ipse
2779 2842 3034 2909 betauuss,

331 2945 547 3009 propter
570 2931 901 3006 hujusmodi
930 2929 1363 3005 negligentiam,
1393 2928 1780 3003 suspensionis
1806 2930 2146 2988 sententiam
2172 2932 2300 3007 ipso
2328 2932 2474 2991 sacto
2502 2933 2768 2990 incurrat.

401 3042 449 3079 x.
486 3025 806 3082 Statuimus
846 3040 1090 3096 quoque,
1122 3033 1188 3077 ut
1228 3023 1467 3081 baanna
1507 3019 1570 3077 in
1609 3020 1855 3095 singulis
1899 3018 2176 3096 capitalia,
2209 3044 2274 3081 ac
2310 3025 2486 3081 etiam
2520 3035 2677 3082 extra
2711 3021 3030 3101 tupitulum,

331 3114 646 3191 'ubicunque
686 3114 1039 3174 occasionem
1078 3111 1356 3178 babuerit,
1389 3112 1459 3169 de
1498 3111 1765 3169 omnibus
1801 3112 2093 3171 beneficiis
2134 3114 2196 3171 in
2236 3117 2498 3172 httanatu
2539 3136 2645 3173 suo
2680 3118 3032 3183 vacantibuS,

331 3225 446 3280 quae
469 3210 622 3265 ultra
648 3218 873 3284 tempus
906 3204 1309 3263 beneficiorum
1340 3202 1728 3269 collatoribus,
1752 3214 1807 3261 et
1832 3205 2104 3280 patronis,
2125 3200 2162 3262 a
2181 3206 2309 3278 jure
2348 3208 2656 3281 praefixum,
2678 3208 3033 3265 vaoeverintz

332 3318 422 3356 nec
454 3320 569 3357 non
600 3299 672 3357 de
703 3297 1012 3357 eorundem
1042 3298 1398 3362 collatorum,
1428 3316 1526 3354 seu
1560 3305 1927 3370 patronorum
1967 3298 2237 3372 personis,
2266 3308 2321 3353 et
2358 3297 2687 3355 nominibus
2727 3297 3032 3373 diligenter

331 3388 588 3465 inquirat,
614 3392 832 3465 illaque
867 3390 1050 3455 nobis,
1077 3390 1169 3446 vel
1198 3388 1408 3446 vicario
1439 3400 1651 3455 nostro,
1678 3409 1853 3464 quam
1894 3390 2143 3466 primum
2172 3384 2462 3447 commode
2490 3388 2684 3464 possit,
2715 3387 2794 3445 sic
2825 3399 3028 3454 tamen,

330 3493 389 3538 ut
431 3484 489 3542 id
534 3485 688 3541 ultra
729 3482 906 3539 unius
949 3481 1173 3548 mensis,
1215 3475 1253 3537 a
1293 3480 1387 3538 die
1428 3481 1648 3539 notitiae
1687 3482 2056 3557 computandi
2098 3481 2345 3558 spatium
2389 3499 2504 3537 non
2546 3479 2782 3546 differat,
2821 3480 3030 3557 scripto

332 3575 582 3633 notificet.
662 3573 1010 3633 Mandamns
1045 3574 1217 3631 etiam
1252 3573 1688 3649 quibuscunque
1723 3575 1962 3640 clericis,
1991 3572 2098 3630 sub
2134 3572 2298 3648 gravi
2335 3575 2519 3647 poenfi,
2561 3570 2801 3629 arbitrio
2835 3583 3030 3630 nostro

330 3662 646 3741 infligenda,
672 3676 742 3722 ut
771 3660 810 3722 a
837 3661 1056 3727 uttan&
1091 3665 1161 3723 de
1193 3665 1264 3722 iis
1297 3665 1555 3741 requisiti
1586 3676 1644 3724 et
1678 3666 2045 3742 interpellati,
2074 3685 2429 3742 quaecunque
2459 3668 2525 3723 eii
2556 3663 2627 3723 de
2657 3684 2716 3721 re
2747 3663 3026 3732 sciverint,

330 3753 403 3810 eis
430 3778 544 3816 non
573 3760 773 3816 celent.
854 3759 986 3824 Quo
1017 3754 1149 3817 vero
1179 3758 1252 3816 ad
1284 3769 1506 3835 tempus
1543 3757 1920 3816 institutionis
1959 3758 2226 3816 faciendae
2266 3757 2336 3815 de
2372 3756 2721 3833 praesentatis
2755 3756 2828 3814 ad
2864 3776 3027 3833 paro-

330 3846 542 3916 chiales,
573 3860 828 3908 servetur
857 3861 1080 3926 tempus
1117 3852 1412 3927 praefixum
1442 3851 1505 3908 in
1530 3849 1695 3907 bulla
1714 3851 1771 3907 S.
1798 3850 1872 3906 D.
1903 3851 1979 3907 N.
2008 3851 2200 3928 Papae,
2225 3851 2380 3926 quod
2419 3851 2528 3909 erit
2558 3850 2839 3916 bimestre,
2861 3850 3028 3923 juxta

333 3936 736 4001 institutionem
760 3942 858 4000 Pii
885 3943 957 3998 V.

403 4050 480 4089 11.
518 4035 668 4091 Cum
693 4031 915 4097 betunia
940 4030 1227 4096 tumulum
1254 4029 1292 4091 a
1319 4035 1484 4092 nobis
1513 4033 1849 4111 permissum
1876 4035 1968 4100 sit,
1997 4048 2065 4093 ut
2091 4034 2342 4093 ecclesiis
2371 4034 2794 4111 parochialibus
2821 4054 3023 4091 vacan-

334 4120 491 4190 tibus,
518 4144 618 4201 per
645 4126 857 4185 mensis
893 4127 1162 4201 spatium,
1190 4120 1229 4182 a
1254 4126 1346 4184 die
1373 4126 1684 4183 vacationis
1719 4128 2185 4203 computandum,
2217 4146 2317 4202 per
2357 4146 2433 4192 se,
2460 4127 2551 4184 vel
2592 4126 2740 4182 alios
2775 4124 3025 4189 idoneos,

331 4217 648 4274 auctoritate
675 4222 885 4284 nostra,
902 4218 1240 4284 ministrare,
1256 4228 1311 4275 et
1332 4217 1553 4275 fructus
1581 4218 1843 4276 beneficii
1869 4218 2123 4275 vacantis
2152 4238 2255 4293 pro
2277 4229 2396 4274 rata
2424 4216 2707 4291 temporis,
2724 4226 2780 4271 et
2809 4214 3024 4271 ratione

334 4301 580 4365 laborum
606 4321 996 4385 susceptorum
1024 4310 1270 4386 recipere
1298 4310 1543 4385 possint:
1586 4319 1756 4386 prout
1780 4310 1897 4366 haec
1926 4309 2092 4374 infra,
2123 4310 2233 4365 sub
2261 4309 2432 4365 titulo
2460 4307 2529 4363 de
2557 4305 2834 4382 parochis,
2852 4298 3023 4361 latiiis

390 4394 493 4431 Vol..
514 4399 566 4432 11.
1648 4402 1680 4434 x
