3882 5037
1232 444 1803 519 afratum—Diome
1833 444 1890 505 of
1916 443 2188 514 Rbaeimss.

1180 804 1394 863 SECT.
1422 804 1511 862 VI
1518 798 1889 864 1.—Biotm
1916 800 1977 861 of
2000 799 2262 872 Rbaeims.

650 944 936 1004 Amicam
960 964 1029 1002 or
1059 947 1317 1013 INQumY
1345 968 1451 1007 ron
1477 945 1683 1010 Draus
1708 942 1902 1007 Ruta!
1929 966 2001 1004 01¹·
2027 964 2143 1005 *rma
2171 944 2428 1002 Dtocnsa
2451 961 2521 999 or
2547 940 2799 1008 Rmzms,

1022 1057 1095 1095 av
1123 1038 1498 1098 Auensxsnor
1526 1040 1826 1106 Hmcuaa,
1854 1038 2008 1097 AD.
2027 1053 2402 1096 noccaxxvm.

597 1230 890 1290 Currum
917 1249 1121 1298 QUIBUS
1149 1253 1222 1292 ΒΕ
1250 1251 1428 1291 REBUS
1455 1232 1752 1290 MAGISTRI
1779 1249 1852 1288 m·
1878 1222 2097 1288 Dsstfln‘
2124 1246 2231 1285 PER
2260 1244 2533 1283 SINGULAS
2562 1241 2852 1284 memus

1007 1343 1342 1394 INQUIRERE,
1369 1345 1439 1384 m·
1466 1343 1729 1383 muscom
1756 1338 2133 1380 RENUNUARE
2158 1336 2436 1376 DEBEANT.

354 1438 550 1497 HAEC
587 1442 743 1499 omni
782 1463 934 1501 anno
973 1443 1369 1523 investiganda
1406 1454 1543 1502 sunt
1582 1437 1620 1500 ὲ
1660 1441 1948 1519 magistris
1973 1450 2031 1497 et
2055 1432 2278 1500 uttan&
2304 1434 2648 1512 presbyteris
2683 1454 2785 1511 per
2824 1434 3080 1512 singulas

353 1532 617 1590 matrices
657 1534 933 1603 ecclesias,
963 1547 1020 1593 et
1061 1557 1163 1613 per
1201 1539 1443 1614 capellas
1484 1535 1765 1612 parochiae
1804 1544 2032 1600 nostrae,
2061 1542 2119 1588 et
2144 1528 2311 1588 nobis
2339 1528 2621 1586 Kalendis
2648 1528 2689 1585 J
2692 1528 2828 1585 uliis
2867 1548 3078 1586 renun-

348 1625 567 1682 tianda.
645 1625 924 1688 Similiter
948 1628 1121 1688 etiam
1162 1629 1623 1707 investigandum
1666 1638 1723 1684 et
1753 1624 2198 1685 renuntiandum
2245 1632 2330 1679 est
2375 1620 2560 1686 nobis,
2602 1615 2849 1695 qualiter
2888 1620 3078 1677 obser-

347 1730 564 1775 ventur
587 1731 645 1776 et
671 1721 1064 1780 custodiantur
1089 1722 1206 1788 illa,
1234 1742 1363 1798 quae
1390 1716 1744 1797 capitulatim
1772 1717 2121 1777 observanda
2148 1712 2487 1792 presbyteris
2514 1714 2790 1771 dedimus.

435 1830 474 1868 1.
519 1811 936 1888 Inquit-endum
976 1814 1040 1872 in
1078 1819 1194 1891 qua
1234 1814 1389 1881 villa,
1418 1824 1521 1872 aut
1560 1813 1863 1888 cujuslibet
1903 1809 2083 1870 sancti
2123 1810 2353 1875 honore,
2388 1806 2770 1883 praetitulatus
2810 1804 2884 1863 sit
2924 1825 3076 1881 pres-

342 1902 535 1977 byter,
560 1905 653 1960 vel
677 1899 717 1961 ὃ.
738 1924 855 1980 quo
883 1904 1058 1964 fuerit
1084 1907 1395 1965 ordinatus.

432 2014 499 2052 11.
543 1995 605 2052 Si
649 1997 850 2056 habeat
892 2019 1154 2057 mansum
1198 2000 1498 2059 habentem
1539 1996 1911 2056 bunnuaria*
1958 1994 2275 2060 duodecim,
2317 2003 2521 2069 proeter
2574 1992 2978 2060 coemeterium,
3022 2003 3079 2050 et

340 2096 582 2154 cortem,
611 2084 708 2145 ubi
735 2090 969 2149 ecclesia
993 2102 1050 2149 et
1079 2092 1282 2149 domus
1309 2091 1491 2168 ipsius
1520 2065 1887 2157 continetur!
1887 2099 1989 2148 aut
2015 2088 2065 2146 si
2091 2087 2294 2146 habeat
2321 2084 2605 2161 mancipia
2627 2096 2889 2160 quatuor.

429 2199 529 2239 111.
567 2181 722 2247 Quot
763 2204 987 2243 mansos
1027 2185 1228 2243 habeat
1268 2184 1331 2243 in
1373 2188 1477 2242 sua
1517 2183 1786 2259 parochia
1815 2181 2139 2260 ingenuiles
2167 2190 2225 2237 et
2252 2176 2498 2243 serviles,
2527 2185 2629 2233 aut
2656 2176 2896 2242 accolas,
2924 2174 3077 2232 unde

343 2271 634 2331 decimam
660 2275 915 2351 accipiat.

429 2383 514 2423 xv.
555 2367 764 2432 Qualia
817 2368 932 2426 sint
986 2368 1324 2428 indumenta
1363 2369 1575 2435 altaris,
1616 2379 1759 2443 quot
1814 2387 1966 2425 nova
2010 2374 2067 2423 et
2119 2374 2261 2439 quot
2309 2371 2549 2426 vetusta,
2596 2355 2840 2434 qualiter
2878 2357 3075 2415 nitida.

339 2458 482 2524 Quo
515 2459 742 2515 metallo
781 2460 898 2518 sint
937 2481 1120 2538 capsae
1160 2473 1217 2520 et
1257 2480 1452 2521 eruces
1491 2471 1786 2537 coopertae.
1869 2460 1994 2517 Aut
2030 2457 2080 2515 si
2109 2450 2415 2534 diligenter
2440 2452 2742 2512 reconditae
2769 2461 2905 2509 sunt
2945 2450 3075 2508 reli-

336 2550 506 2626 quiae
536 2550 596 2608 in
620 2551 802 2609 altari.
883 2554 947 2612 Si
975 2554 1114 2630 ipsae
1140 2574 1324 2631 capsae
1353 2554 1491 2612 seris
1519 2553 1756 2612 munitae
1783 2562 1933 2610 sunt.

426 2662 487 2700 v.
532 2644 690 2709 Quos
717 2656 774 2703 et
798 2657 939 2721 quot
966 2646 1142 2704 libros
1168 2647 1388 2715 habeat,
1416 2658 1518 2704 aut
1545 2645 1594 2703 si
1622 2640 1762 2703 bene
1794 2642 2029 2702 recitati.

425 2755 518 2795 τι.
559 2737 769 2802 Qualia
806 2748 906 2795 aut
945 2749 1088 2813 quot
1127 2739 1493 2797 sacerdotalia
1532 2737 1869 2796 vestimenta
1907 2737 2123 2802 habeat,
2151 2745 2207 2793 et
2237 2730 2482 2810 qualiter
2508 2731 2623 2791 sint
2649 2728 2847 2796 nitida,
2875 2739 2976 2787 aut
3016 2727 3079 2786 in

341 2828 543 2887 nitido
567 2829 690 2886 loco
719 2830 1079 2888 collocentur.

425 2940 541 2979 vu.
579 2921 643 2979 Si
682 2922 885 2980 habeat
922 2923 1117 2981 locum
1155 2933 1553 2998 praeparatum,
1582 2922 1682 2980 ubi
1711 2920 1929 2979 effundi
1956 2919 2136 2997 possit
2162 2939 2313 2995 aqua
2336 2912 2565 2994 quando
2591 2916 2907 2975 abluuntur
2946 2934 3081 2972 vasa

335 3012 564 3080 altaris,
592 3024 693 3071 aut
719 3033 782 3071 os
812 3015 903 3073 vel
931 3035 1134 3072 manus
1162 3026 1290 3091 post
1317 3015 1739 3091 perceptionem
1777 3035 1950 3072 sacrae
1989 3011 2423 3072 communionis.
2506 3011 2630 3068 Aut
2669 3009 2719 3067 si
2759 3008 2882 3084 ipse
2921 3026 3079 3083 pres-

334 3107 521 3183 byter
546 3106 794 3182 propriis
821 3106 1102 3174 manibus,
1130 3118 1229 3165 aut
1257 3107 1544 3174 diaconus,
1570 3118 1674 3165 aut
1700 3107 2083 3166 subdiaconus
2108 3107 2250 3180 ejus,
2280 3105 2432 3161 lavet
2460 3096 2646 3179 primo
2674 3100 2979 3177 corporale.

426 3216 565 3254 vm.
607 3199 738 3263 Quo
781 3200 1009 3256 metallo
1059 3199 1133 3256 sit
1178 3199 1327 3257 calix
1372 3210 1429 3256 et
1477 3210 1702 3275 patena,
1750 3209 1851 3256 aut
1891 3202 2009 3274 qua
2052 3196 2353 3273 diligentia
2408 3195 2816 3259 custodiantur,
2861 3203 2963 3249 aut
3030 3191 3077 3249 si

337 3290 558 3348 habat
607 3291 892 3367 pyxidem,
938 3288 1036 3349 ubi
1082 3289 1333 3368 congrue
1380 3291 1560 3368 possit
1602 3291 1830 3350 recondi
1874 3309 2034 3348 sacra
2066 3288 2279 3347 oblatio
2315 3287 2648 3346 reservanda
2687 3285 2760 3343 ad
2803 3284 3077 3343 viaticum

337 3381 613 3441 infirmis.

428 3492 518 3531 xx.
555 3472 641 3529 Ut
666 3473 911 3532 chrisma
936 3485 993 3531 et
1020 3475 1211 3532 oleum
1238 3487 1627 3534 consecratum
1656 3477 1764 3534 sub
1792 3479 1916 3534 sera
1946 3473 2338 3533 recondantur.

430 3584 492 3622 x.
532 3563 595 3621 Si
622 3564 746 3640 ipse
776 3566 1066 3643 presbyter
1093 3566 1283 3624 visitet
1307 3567 1585 3635 infirmos,
1613 3579 1671 3625 et
1698 3568 1946 3645 inungat
1974 3567 2099 3624 oleo
2128 3576 2338 3633 sancte,
2364 3576 2421 3623 et
2448 3560 2827 3620 eommunicet
2867 3580 2968 3638 per
3000 3581 3076 3627 se,

338 3668 401 3714 et
447 3673 570 3713 non
612 3674 715 3732 per
752 3657 1080 3732 quemlibet,
1107 3669 1164 3714 et
1211 3657 1310 3716 ille
1350 3659 1472 3735 ipse
1513 3661 1892 3718 communicet
1934 3660 2230 3736 populum,
2260 3676 2364 3715 nec
2393 3656 2576 3714 tradat
2616 3654 3076 3713 communionem

341 3748 622 3824 cuiquam
647 3749 793 3807 lai‘co
814 3749 887 3807 ad
915 3749 1280 3807 deferendum
1308 3750 1369 3808 in
1397 3752 1629 3809 domum
1660 3772 1825 3809 suam
1853 3756 2022 3810 causa
2051 3752 2353 3826 cujuslibet
2380 3749 2609 3807 infirmi.

429 3858 512 3896 xx.
552 3840 615 3897 Si
641 3840 844 3898 habeat
871 3841 1154 3910 clericum,
1180 3842 1284 3919 qui
1313 3844 1492 3920 possit
1518 3855 1706 3902 tenere
1735 3845 2002 3910 scholam,
2030 3854 2132 3901 aut
2170 3844 2359 3922 legere
2397 3842 2714 3920 epistolam,
2741 3849 2843 3899 aut
2878 3860 3077 3899 canere

344 3932 557 3998 valeat,
585 3943 757 4007 prout
782 3934 1164 3991 necessarium
1195 3934 1304 3992 sibi
1331 3935 1572 3994 videtur.

428 4042 538 4081 ιιι.
577 4023 1053 4101 Investigandum
1094 4022 1465 4086 nihilominus
1498 4028 1568 4086 de
1595 4026 1975 4086 luminaribus
2002 4026 2269 4094 ecclesiae,
2297 4039 2398 4088 aut
2423 4037 2567 4104 quot
2593 4025 2837 4085 cerarios
2877 4024 3078 4082 habeat

346 4116 478 4192 ipoe
503 4116 718 4174 titulus.

841 4343 876 4374 ὓ
945 4341 981 4369 “
995 4343 1273 4391 Mensura-s·
1298 4344 1538 4406 quasdam
1561 4349 1708 4391 terra
1728 4344 1855 4391 sicut
1869 4340 2430 4405 juyera.’'—Spelman·
2452 4341 2511 4388 in
2532 4355 2578 4388 v.

1696 4422 1727 4455 a
