3882 5037
424 462 580 520 Suc-r.
602 462 672 535 1.]
1239 456 1885 535 &amana—motzae
1913 458 1972 518 ot
1996 457 2330 536 zugshutg.

2986 462 3125 533 281

424 674 596 730 aetate,
625 683 735 721 usu
761 676 818 723 et
847 665 1131 741 probitate
1159 663 1565 724 commendatis
1591 663 1661 723 de
1689 661 1955 721 omnibus
1996 659 2305 737 prudenter
2330 661 2640 738 inquirant,
2667 680 2800 736 quae
2841 679 2945 737 pro
2973 662 3140 720 officii

426 756 514 813 sui
540 775 773 814 munere
800 756 945 813 scire
975 757 1184 815 volent.

503 869 551 905 x.
591 847 920 907 Sacerdotes
947 866 1081 906 vero
1108 867 1303 906 omnes
1329 843 1553 910 bunnia
1588 845 1709 904 suis
1737 864 1953 904 morem
1982 855 2201 921 gerant,
2241 865 2374 903 cum
2417 843 2604 904 vocati
2645 842 2859 902 fuerint
2894 845 2965 902 ad
2996 840 3141 920 tapi-

431 936 619 1006 tulum,
660 940 912 1006 veniant,
960 939 1111 1017 ipsos
1153 936 1480 998 humaniter
1525 938 1826 1017 excipiant,
1869 938 2179 1014 hospitium
2227 949 2284 996 et
2328 937 2541 996 victum
2586 933 2830 995 libenter
2869 948 2926 996 et
2968 937 3142 1014 gratis

429 1032 724 1107 praebeant,
752 1031 891 1088 dum
924 1031 1151 1090 visitare
1182 1033 1390 1100 volent,
1418 1043 1475 1091 et
1501 1053 1660 1090 suam
1697 1049 1926 1107 operam
1955 1026 2214 1106 prompte
2241 1050 2306 1088 ac
2335 1025 2533 1087 sedqu
2573 1039 2860 1105 praestent,
2888 1029 3141 1086 admoni-

431 1124 602 1183 tiones
646 1137 704 1182 et
754 1125 1036 1192 mandata,
1084 1145 1214 1200 quae
1265 1144 1371 1201 pro
1419 1125 1605 1185 officio
1652 1122 1888 1186 dabunt,
1937 1118 2253 1181 reverenter
2307 1120 2609 1198 excipiant,
2655 1120 2840 1196 iisque
2895 1133 3140 1198 pareant.

431 1216 665 1274 Caveant
690 1236 827 1274 vero
864 1213 1073 1284 unani,
1100 1238 1171 1275 ne
1215 1227 1477 1293 sumptus
1519 1215 1580 1273 in
1619 1215 1823 1273 itinere
1870 1214 2188 1292 superfluos
2215 1213 2441 1281 faciant,
2471 1223 2527 1272 et
2567 1223 2634 1270 ut
2674 1213 2826 1289 apud
2855 1233 2967 1281 eos,
2995 1233 3142 1289 quos

435 1308 793 1374 visitaverint,
822 1314 1015 1368 mensa
1042 1310 1256 1386 frugali
1282 1321 1339 1368 et
1368 1309 1618 1367 modesta
1646 1308 1894 1366 contenti
1924 1308 2055 1365 sint.

505 1420 576 1458 ιι.
615 1395 860 1467 Quando
906 1402 1119 1477 aliquis
1162 1421 1232 1459 ex
1276 1401 1505 1468 curatis,
1535 1402 1626 1459 vel
1666 1400 1795 1457 aliis
1836 1399 2056 1458 clericis
2093 1397 2468 1475 aegrotaverit,
2496 1417 2628 1454 eum
2654 1391 2845 1455 uetant
2872 1395 3138 1463 invisant,

433 1493 796 1559 consolentur,
841 1503 899 1550 et
943 1504 1159 1559 curent,
1204 1505 1270 1550 ut
1318 1488 1438 1551 tam
1487 1491 1826 1569 spiritualia,
1871 1486 2049 1566 quam
2100 1489 2431 1568 temporalia
2476 1487 2730 1547 subsidia
2774 1489 2994 1546 habeat.
3076 1490 3140 1547 Si

432 1582 639 1650 obierit,
683 1604 877 1642 rerum
931 1586 1255 1643 relictarum
1312 1604 1414 1662 per
1465 1605 1541 1650 se,
1587 1584 1681 1641 vel
1729 1601 1832 1659 per
1880 1583 2275 1651 camerarium,
2324 1592 2425 1640 aut
2480 1602 2662 1640 unum
2716 1601 2783 1640 ex
2838 1580 3140 1658 deputatis,

431 1673 678 1747 adjuncto
705 1676 945 1745 notario,
973 1678 1022 1735 si
1063 1677 1261 1736 haberi
1290 1677 1484 1754 possit,
1511 1687 1567 1734 et
1606 1675 1832 1734 duobus
1858 1677 2114 1744 testibus,
2142 1675 2528 1735 inventarium
2556 1672 2875 1741 conficiant,
2900 1674 3138 1733 haeredi-

431 1777 586 1824 tatem
616 1779 791 1826 totam
820 1779 1115 1835 arrestent,
1141 1779 1198 1827 et
1220 1768 1535 1845 obsignent-

501 1876 595 1915 x11.
636 1855 817 1918 Porro
843 1859 1124 1918 vicarium
1151 1870 1410 1918 nostrum
1437 1859 1508 1917 de
1534 1859 1715 1928 obitu,
1743 1871 1800 1919 et
1839 1878 2016 1936 supra
2041 1858 2206 1917 dictis
2248 1853 2284 1915 a
2324 1877 2382 1915 se
2411 1857 2655 1934 peractis
2680 1857 2802 1916 sine
2831 1862 2990 1917 mora
3017 1877 3137 1916 cer·

427 1947 616 2007 tiorem
663 1951 893 2017 faciant,
921 1946 1203 2027 simulque
1248 1971 1365 2028 quo
1410 1950 1472 2009 in
1516 1961 1669 2009 statu
1710 1953 1858 2011 aedes
1902 1952 2263 2010 beneficiales
2302 1951 2629 2026 repererint,
2671 1952 2929 2019 referant,
2961 1963 3044 2020 ut,
3088 1953 3136 2010 si

422 2041 553 2114 quid
593 2042 654 2100 in
695 2042 814 2101 illis
853 2065 924 2102 ex
963 2045 1321 2121 negligentia
1360 2043 1714 2102 destructum
1744 2055 1802 2102 et
1840 2044 2137 2102 ruinosum
2179 2044 2530 2121 reparatione
2569 2063 2714 2122 opus
2754 2044 3034 2112 habuerit,
3062 2045 3133 2102 de

426 2131 580 2190 bonis
608 2135 835 2203 relictis,
864 2147 1169 2212 antequam
1200 2136 1600 2204 distrahantur,
1628 2135 1778 2195 refici
1803 2135 1997 2212 possit.

496 2245 621 2284 1111.
664 2227 937 2286 Ecclesiis
963 2248 1097 2288 vero
1124 2248 1194 2287 ex
1221 2228 1384 2287 obitu
1423 2229 1794 2305 parochorum
1825 2228 2093 2295 viduatis,
2121 2227 2454 2304 provideant
2492 2223 2683 2287 betani
2724 2245 2827 2304 per
2854 2229 2999 2286 alios
3023 2230 3133 2287 cle-

419 2317 555 2375 ricos
580 2339 615 2376 a
640 2320 805 2378 nobis
830 2321 904 2378 ad
931 2339 1127 2378 curam
1157 2319 1478 2378 animarum
1518 2319 1874 2397 approbatos,
1903 2320 1996 2378 vel
2024 2339 2170 2396 quos
2209 2318 2318 2396 ipsi
2347 2338 2451 2395 pro
2479 2328 2728 2396 tempore
2756 2319 2858 2376 illo
2898 2320 3133 2379 idoneos

410 2409 801 2482 judicaverint,
822 2411 1001 2470 donec
1023 2412 1173 2470 alius
1190 2408 1461 2471 canonice
1482 2413 1877 2480 substituatur,
1898 2412 2189 2490 assignata
2211 2410 2489 2485 ejusmodi
2508 2408 2917 2487 provisoribus,
2939 2413 3132 2471 salarii

416 2502 553 2583 loco,
577 2508 830 2581 cong-rufi
857 2503 1115 2582 portione
1142 2503 1446 2563 fructuum.

495 2614 605 2653 xxv.
645 2595 960 2654 Camerarii
1001 2596 1200 2655 aerario
1243 2593 1536 2673 capitulari
1565 2595 1830 2673 praefecti,
1870 2606 1925 2654 et
1964 2593 2187 2660 betunia
2227 2594 2481 2674 legitime
2522 2596 2810 2672 impeditis
2838 2596 3133 2657 substituti

415 2696 561 2754 sunt,
584 2688 793 2762 quibus
819 2688 1011 2746 insciis
1039 2699 1144 2746 aut
1180 2688 1514 2747 inconsultis
1543 2688 1689 2746 nihil
1730 2688 1929 2755 facere,
1960 2702 2065 2747 aut
2090 2691 2431 2748 constituere
2468 2703 2720 2766 possunt.
2802 2692 3021 2750 Eorum
3050 2703 3132 2752 est

412 2795 608 2835 census
635 2775 863 2855 capituli
904 2792 962 2837 et
1002 2782 1260 2846 mulctas,
1287 2800 1417 2856 quae
1443 2779 1649 2856 quavis
1676 2779 1893 2839 ratione
1923 2781 2220 2851 debentur,
2248 2783 2534 2860 colligere,
2561 2794 2618 2841 et
2657 2783 2728 2841 de
2768 2784 2983 2843 eisdem
3014 2786 3130 2844 sin·

413 2869 564 2942 gulis
589 2872 948 2929 semestribus
975 2872 1082 2929 toti
1110 2869 1354 2947 capitulo
1383 2871 1659 2931 rationem
1695 2872 1941 2931 reddere.

493 2979 579 3018 xv.
619 2962 703 3019 Ut
730 2981 819 3021 res
847 2973 903 3021 et
922 2964 1056 3037 jura
1085 2964 1459 3023 ecclesiastica
1484 2976 1797 3032 serventur,
1818 2965 1910 3023 vel
1938 2964 2149 3025 amissa
2169 2979 2586 3045 recuperentur,
2602 2966 2843 3027 sollicite
2866 2972 3131 3046 parochos

411 3063 469 3107 et
496 3052 632 3109 alios
660 3054 1027 3114 beneficiatos
1053 3068 1317 3133 urgeant,
1342 3077 1415 3117 ne
1452 3056 1593 3134 quid
1623 3059 1714 3116 vel
1754 3057 2131 3134 negligentia,
2164 3060 2255 3118 vel
2295 3061 2542 3119 aliorum
2572 3060 2630 3120 vi
2656 3072 2984 3138 usurpetur.
3067 3063 3131 3121 Si

413 3142 548 3218 quid
579 3144 909 3204 insolentius
935 3148 1150 3205 alicubi
1179 3150 1299 3216 fiat,
1328 3149 1385 3207 id
1418 3150 1582 3209 nobis
1609 3148 1949 3226 significent.

495 3254 603 3295 xvr.
647 3238 737 3295 Ne
767 3239 1021 3297 ecclesiae
1049 3240 1140 3299 vel
1167 3241 1443 3300 beneficia
1470 3242 1678 3301 debitis
1718 3253 2044 3311 onerentur,
2072 3262 2216 3301 neve
2259 3243 2482 3302 fructus
2521 3243 2583 3300 in
2611 3244 2887 3302 damnum
2914 3265 3130 3303 succes-

411 3329 551 3386 soris
586 3329 658 3387 ab
688 3343 1044 3391 antecessore
1073 3333 1409 3401 vendantur,
1441 3346 1543 3393 aut
1583 3335 1796 3414 praedia
1835 3337 2141 3403 docentur,
2169 3347 2271 3393 aut
2309 3337 2431 3395 sine
2469 3338 2695 3396 cultura
2728 3335 2918 3394 debita
2959 3337 3131 3395 relin-

412 3433 656 3497 quantur
682 3442 749 3481 ac
778 3423 1167 3502 negligantur,
1198 3425 1517 3503 invigilent.

494 3533 630 3573 xv11.
672 3510 827 3581 Quia
872 3512 1009 3575 vero
1053 3512 1333 3575 interdum
1380 3530 1622 3579 rectores
1665 3519 2036 3578 ecclesiarum
2075 3539 2164 3579 res
2203 3530 2259 3577 et
2294 3520 2428 3593 jura
2459 3518 2749 3578 beneficiis
2775 3518 2894 3576 suis
2933 3516 3129 3595 inique

412 3606 700 3665 subtracta
750 3626 1080 3685 recuperare
1135 3629 1236 3688 per
1282 3610 1696 3687 negligentiam
1751 3622 1853 3669 aut
1909 3612 2333 3690 simplicitatem
2393 3612 2680 3680 omittunt,
2729 3611 2821 3670 vel
2876 3610 3131 3688 potentia

410 3696 864 3757 adversariorum
905 3701 1190 3759 absterriti
1232 3721 1367 3759 cum
1408 3702 1609 3761 iisdem
1642 3702 1863 3777 judicio
1890 3703 2233 3763 contendere
2273 3723 2389 3763 non
2431 3704 2683 3776 audent;
2728 3724 2769 3761 n
2893 3723 2964 3760 ne
2997 3705 3132 3778 jura

410 3792 768 3849 eeclesiarum
810 3791 1103 3851 indefensa
1143 3806 1485 3862 remaneant,
1525 3797 1632 3853 hac
1673 3807 1869 3853 nostra
1908 3795 2312 3854 constitutione
2361 3724 3129 3883 singulorssitulotum

411 3881 680 3943 ruralium
706 3888 941 3948 betanus
968 3886 1383 3953 constituimus,
1413 3898 1471 3945 et
1497 3888 1841 3963 deputamus
1881 3888 1943 3945 in
1970 3900 2274 3966 perpetuos
2313 3900 2703 3964 procuratores
2732 3889 3032 3965 synodales
3058 3890 3133 3947 ad

410 3978 737 4053 repetendas
785 3990 845 4035 et
888 3978 1292 4055 recuperandas
1342 3999 1431 4037 res
1457 3989 1513 4037 et
1558 3979 1709 4037 bona
1755 3980 2141 4054 quorumlibet
2193 3981 2613 4049 beneficiorum,
2663 3981 3023 4039 ecclesiarum
3075 3992 3133 4038 et

408 4068 660 4125 locorum
715 4068 942 4145 piorum
987 4064 1219 4144 capituli
1275 4069 1399 4139 sui3
1462 4069 1659 4128 dantes
1716 4070 1932 4129 eisdem
1984 4082 2315 4149 potestatem
2366 4084 2420 4131 et
2469 4091 2771 4148 personam
2815 4074 3128 4149 legitimam

408 4159 593 4217 standi
622 4160 683 4217 in
702 4160 924 4234 judicio
946 4148 1143 4219 ⁴nostro
1168 4160 1559 4228 ecclesiastico,
1585 4161 1831 4237 aliisque
1857 4164 2311 4240 competentibus
2339 4176 2533 4222 contra
2567 4183 2936 4240 quoscunque
2965 4183 3129 4221 occu-

410 4260 628 4326 patores
669 4261 723 4308 et
757 4250 1098 4318 detentores,
1127 4251 1246 4310 sive
1275 4252 1464 4319 laicos,
1494 4250 1614 4310 sive
1654 4253 2079 4321 ecclesiasticos,
2108 4256 2476 4330 actionesque
2518 4267 2899 4332 congruentes
2937 4267 3132 4313 contra

408 4342 630 4399 eosdem
671 4342 1026 4411 instituendi,
1055 4355 1112 4402 et
1153 4363 1331 4419 usque
1360 4344 1431 4402 ad
1472 4346 1808 4404 sententiam
1849 4347 2219 4415 definitivam,
2249 4349 2485 4422 ejusque
2513 4347 2902 4406 executionem
2938 4348 3129 4424 plena·
3229 4386 3234 4399 .
