3882 5037
1594 467 2360 547 eppmnix.—Qtout{nental
2389 467 2756 535 Ratumenna.

3269 479 3459 552 [ΡΑιιτ
3482 482 3532 538 Ῑ.

821 474 970 546 316

820 667 1055 731 omnino
1081 667 1120 728 ὲ
1143 669 1567 729 visitatoribus:
1609 670 1658 727 si
1683 667 1953 744 componi
1978 686 2096 726 non
2120 676 2406 744 poterunt,
2422 667 2491 736 is,
2522 670 2625 743 qui
2652 673 2857 729 author
2883 683 2971 730 est
2998 673 3120 747 ejus
3148 674 3535 745 dissensionis,

818 764 1111 841 puniatur,

898 858 1112 912 Omnes
1149 851 1398 928 parochi,
1432 861 1489 909 et
1517 850 1621 908 alii
1658 849 1867 916 clerici,
1889 850 2083 923 jurent
2120 868 2308 907 coram
2345 850 2777 918 archidiaconis,
2801 854 2892 911 vel
2916 853 3152 925 betunia,
3183 858 3244 915 in
3274 859 3534 934 proxima

818 946 1160 1011 visitatione,
1169 943 1325 1020 quod
1340 962 1634 1017 nunquam
1653 942 1833 999 velint
1851 941 2101 998 deserere
2117 940 2468 1006 catholicam,
2478 950 2536 998 et
2549 943 2917 1002 orthodoxam
2936 947 3290 1021 religionem,
3307 961 3364 1006 et
3379 952 3536 1026 quod

816 1057 1035 1113 semper
1060 1035 1240 1093 velint
1259 1054 1585 1112 permanere
1613 1034 1675 1091 in
1696 1032 2016 1091 obedientia
2043 1032 2136 1090 sui
2164 1032 2456 1098 ordinarii,
2483 1043 2540 1091 et
2565 1035 2688 1107 ejus
2715 1035 3100 1110 legitimorum
3129 1060 3532 1100 successorum.

895 1131 937 1186 J
940 1139 1106 1186 urent
1128 1128 1318 1192 etiam,
1343 1126 1499 1201 quod
1531 1125 1682 1183 nihil
1721 1144 1981 1200 unquam
2009 1124 2190 1182 velint
2220 1123 2293 1180 ab
2326 1125 2560 1182 ecclesia
2590 1146 2827 1201 quoquo
2859 1128 3027 1186 modo
3053 1131 3322 1197 alienare,
3351 1153 3534 1207 neque

815 1220 1216 1296 oppignorare,
1251 1218 1345 1275 sed
1389 1237 1609 1293 semper
1639 1217 1790 1273 bona
1824 1216 2081 1274 ecclesiae
2116 1234 2360 1290 augere;
2420 1227 2476 1273 et
2510 1236 2593 1283 ea,
2633 1236 2761 1291 quae
2802 1213 2840 1275 ὲ
2879 1237 2959 1284 se,
2987 1221 3081 1278 vel
3120 1223 3254 1279 aliis
3290 1223 3534 1283 alienata

814 1322 964 1377 sunt,
993 1321 1275 1386 quantum
1304 1308 1430 1367 fieri
1460 1317 1658 1384 potest,
1681 1325 2034 1382 recuperare.

894 1402 1113 1459 Curent
1151 1400 1534 1458 archidiaconi
1575 1418 1677 1475 per
1717 1418 1850 1456 suos
1889 1401 2137 1464 betanus,
2166 1407 2234 1454 ut
2273 1397 2337 1455 in
2363 1397 2790 1456 visitationibus
2831 1401 3091 1458 omnium
3119 1405 3532 1478 parochiarum,

812 1493 984 1551 etiam
1026 1493 1371 1558 vacantium,
1414 1501 1471 1550 et
1516 1491 1590 1549 ab
1631 1490 1910 1548 haereticis
1952 1499 2356 1565 occupatarum
2399 1491 2635 1548 nomina
2683 1487 2989 1566 diligenter
3030 1493 3433 1565 describantur,
3475 1510 3533 1557 et

812 1583 1263 1660 praebendarum‚
1290 1602 1392 1641 seu
1416 1581 1663 1640 aliorum
1691 1600 2167 1656 quorumcunque
2196 1580 2619 1638 beneficiorum.

893 1676 1050 1732 Dent
1091 1693 1323 1750 operam
1368 1672 1772 1738 archidiaconi,
1816 1681 1883 1727 ut
1929 1671 2293 1746 singularum
2336 1671 2713 1737 ecclesiarum,
2759 1683 2816 1729 et
2868 1671 3317 1747 praebendarum,
3362 1687 3531 1753 atque

809 1765 1081 1825 altarium
1108 1763 1426 1840 singilatim
1453 1762 1710 1821 omnium
1739 1763 1957 1820 reditus
1983 1761 2390 1829 describantur,
2418 1774 2474 1821 et
2501 1764 2654 1822 unde
2679 1763 2778 1821 isti
2806 1762 3022 1820 reditus
3051 1765 3450 1840 percipiantur.

890 1856 1294 1914 Archidiaconi
1322 1855 1670 1931 perquirant,
1698 1862 1754 1911 et
1778 1851 2027 1909 describi
2054 1863 2254 1910 curent
2280 1853 2497 1910 reditus
2526 1865 2776 1913 recenter
2800 1852 2875 1911 ab
2903 1853 3141 1911 ecelesia
3167 1856 3457 1925 alienatos,
3474 1870 3530 1917 et

809 1951 924 2023 qua
953 1947 1190 2013 ratione,
1212 1957 1269 2004 et
1294 1942 1333 2003 ὲ
1356 1946 1571 2022 quibus
1598 1943 1830 2003 alienati
1859 1953 2010 2000 sunt.

889 2038 1105 2095 Curent
1146 2036 1528 2095 archidiaconi
1567 2047 1624 2094 et
1663 2031 1866 2100 temni,
1908 2035 2274 2109 singularum
2318 2035 2714 2110 parochiarum
2758 2046 3039 2112 patruum,
3080 2057 3181 2095 seu
3233 2041 3530 2100 collatores

810 2127 1115 2203 legitimos,
1143 2138 1200 2184 et
1227 2128 1472 2185 aliorum
1498 2127 1904 2186 beneficiorum
1931 2125 2194 2183 describi.

888 2219 1047 2276 Dent
1074 2238 1304 2295 operam
1331 2218 1731 2285 archidiaconi,
1754 2229 1811 2275 et
1839 2237 1939 2293 per
1965 2237 2101 2274 suos
2127 2220 2359 2279 betanus
2387 2217 2654 2284 efficiant,
2680 2226 2748 2275 ut
2775 2218 3131 2293 singularum
3161 2222 3529 2281 ecclesiarum

807 2309 1156 2386 antipendia,
1188 2311 1489 2385 pluvialia,
1518 2321 1770 2376 ornatus,
1799 2327 2051 2386 mappas,
2084 2309 2306 2375 calices,
2335 2320 2583 2385 patenas,
2607 2329 2807 2367 cruces
2834 2321 3148 2384 argenteas
3171 2314 3528 2383 candelabra,

805 2401 1001 2466 libros,
1017 2411 1075 2458 et
1101 2412 1359 2459 caeteram
1387 2421 1612 2459 omnem
1638 2399 2077 2459 ecclesiasticam
2106 2399 2539 2474 supellectilem,
2555 2400 2876 2459 describant
2896 2397 3220 2477 diligenter,
3241 2402 3527 2472 distincte,

807 2511 872 2549 ac
899 2486 1161 2549 fideliter.

885 2583 1259 2661 Singulorum
1299 2603 1528 2659 quoque
1565 2584 1954 2660 parochorum,
1991 2592 2048 2639 et
2089 2581 2608 2656 praebendariorum
2648 2582 2883 2640 nomina
2923 2583 3218 2661 descripta,
3260 2608 3394 2645 cum
3435 2589 3527 2656 iis,

803 2694 933 2748 quae
961 2669 1220 2750 superiiis
1248 2695 1514 2751 expressa
1542 2685 1694 2740 sunt,
1720 2674 1793 2731 ad
1821 2673 2175 2731 ordinarium
2203 2674 2277 2730 ab
2303 2673 2715 2732 archidiaconis
2741 2673 2945 2734 deferri
2970 2689 3252 2735 curentur.

884 2764 1141 2821 Nomina
1182 2767 1573 2840 parochorum,
1615 2776 1672 2822 et
1713 2764 1906 2830 vitam,
1948 2784 2152 2833 mores,
2193 2785 2269 2822 an
2310 2764 2424 2822 sint
2463 2765 2745 2831 catholici,
2775 2784 2875 2840 per
2902 2765 3095 2824 omnia
3120 2780 3323 2826 curent
3351 2770 3527 2828 etiam

804 2854 1057 2912 describi.

2511 2947 2625 3003 CC.
2655 2946 3002 3014 Germanice,
3031 2946 3196 3005 Tom.
3214 2965 3319 3007 vu.
3349 2970 3402 3028 p.
3429 2955 3522 3009 27.

1626 3181 1840 3239 SECT.
1869 3177 2264 3242 x.-wtocm
2293 3178 2352 3237 οἵ
2375 3175 2683 3241 Ratisbon.

865 3310 1134 3368 Svnomu.
1160 3309 1450 3367 Sum-ras
1477 3328 1548 3367 or
1575 3329 1690 3368 'ms
1717 3311 1974 3368 oncsss
2002 3329 2074 3368 or
2103 3311 2417 3376 Rxnssoiv,
2445 3328 2523 3368 on
2555 3327 2671 3365 ‘mn
2700 3308 2918 3364 Omcs
2945 3326 3014 3363 or
3038 3303 3207 3367 Rau
3235 3307 3450 3376 natal,

1498 3422 1572 3459 av
1603 3403 1820 3459 B1snop
1844 3405 2011 3460 Joms
2039 3422 2111 3459 ns
2139 3404 2422 3467 Bavaau,
2453 3400 2603 3457 ΑΒ.
2632 3418 2818 3457 Mnxu.

875 3513 1272 3578 QUONIAM
1302 3510 1487 3573 bttani
1519 3511 1735 3575 tutaltss
1769 3532 1872 3588 pro
1905 3510 2154 3589 singulis
2188 3513 2452 3587 plebibus
2484 3522 2540 3570 et
2570 3512 2790 3569 clericis
2821 3505 2951 3568 ideo
2984 3514 3426 3580 constituuntur,
3455 3526 3521 3572 ut

795 3603 1032 3661 illorum
1058 3605 1237 3661 vitam
1256 3604 1390 3679 jugi
1428 3605 1931 3679 circumspectione
1963 3603 2299 3668 custodiant,
2328 3604 2466 3662 cleri
2501 3605 2864 3669 honestatem,
2892 3614 2948 3660 et
2975 3602 3320 3660 confratrum
3356 3604 3518 3661 utili-

794 3704 968 3750 tatem
1003 3706 1323 3769 procurent,
1351 3716 1611 3754 excessus
1643 3716 1842 3753 eorum
1883 3695 2143 3761 referant,
2171 3696 2437 3752 mandata
2471 3706 2682 3762 nostra,
2711 3694 2911 3752 vicarii
2953 3695 3148 3761 nostri,
3175 3706 3231 3752 et
3265 3695 3517 3752 aliorum

788 3785 1051 3858 judicum
1083 3782 1268 3843 debite
1303 3798 1670 3861 exequantur,
1701 3808 1767 3845 ac
1807 3787 2059 3863 singula,
2088 3807 2217 3861 quae
2259 3786 2602 3844 mandantur
2637 3784 2675 3843 ὲ.
2709 3785 3114 3861 superioribus,
3141 3785 3213 3842 ad
3254 3786 3515 3843 notitiam

795 3875 1034 3932 fratrum
1062 3875 1372 3934 deducantz
1415 3873 1761 3953 quapropter
1780 3878 1841 3935 in
1863 3878 2200 3953 receptionis
2230 3876 2515 3953 principio
2532 3878 2726 3951 jurare
2753 3877 2973 3942 debent,
2998 3879 3088 3935 vel
3117 3877 3318 3934 saltem
3346 3876 3514 3934 fidem

795 3965 927 4023 dare
953 3967 1081 4023 loco
1108 3967 1435 4039 juramenti,
1465 3969 1620 4042 quod
1648 3969 1771 4026 sine
1799 3968 1932 4027 dolo
1961 3979 2016 4026 et
2052 3968 2248 4027 fraude
2285 3970 2640 4045 praescriptos
2681 3969 2952 4025 articulos
2989 3967 3283 4026 observare
3320 3966 3514 4032 velint,

794 4068 851 4114 et
891 4056 1043 4130 quod
1085 4058 1269 4124 nobis,
1309 4068 1364 4115 et
1390 4059 1805 4116 successoribus
1841 4059 2049 4117 nostris
2084 4060 2406 4117 obedientes
2444 4060 2706 4127 existant,
2745 4058 3176 4118 constitutiones
3216 4058 3518 4134 synodales

793 4165 893 4222 per
936 4147 1232 4225 episcopos
1276 4150 1715 4208 Ratisbonenses
1758 4150 1951 4218 factae,
1998 4160 2053 4208 et
2099 4170 2198 4226 per
2241 4171 2344 4208 nos
2390 4151 2748 4226 approbatas,
2791 4172 2890 4209 seu
2935 4151 3231 4208 innovatas
3275 4144 3518 4206 firmiter

791 4238 1106 4305 observent,
1134 4251 1190 4297 et
1224 4241 1298 4298 ab
1328 4241 1461 4297 aliis
1498 4240 1872 4298 confratribus
1908 4241 2216 4313 cujuslibet
2254 4241 2553 4304 hetauatfis
2591 4238 2897 4318 respective
2931 4243 3172 4316 jubeant
3206 4241 3515 4298 inviolabi-

792 4322 925 4386 liter
951 4329 1251 4387 observari.
1333 4332 1547 4388 Omnes
1578 4327 1813 4406 insuper
1852 4343 1909 4389 et
1950 4333 2211 4409 singulos
2241 4334 2472 4395 betanus
2500 4334 2764 4409 praesenti
2791 4344 3006 4391 statuto
3026 4333 3194 4405 juxta
3220 4351 3513 4390 sacrorum
