3882 5037
833 453 982 525 308
1607 457 2373 537 appenn11.—ctonttnental
2402 457 2770 522 worumnus.
3285 460 3473 533 [Pin-r
3499 463 3550 518 1.

833 652 1138 729 illegitimo
1178 667 1462 724 natorum,
1483 658 1582 731 jus
1623 658 1963 715 succedendi
1991 660 2297 718 habeamus
2320 681 2334 714 :
2376 657 2642 715 omnibus
2669 669 2725 715 et
2752 658 3004 732 singulis
3030 653 3252 720 bernulfi
3279 669 3336 714 et
3364 679 3546 716 came-

831 745 995 802 rariis
1036 746 1288 820 ejusdem
1328 748 1586 806 dioecesis
1625 760 1831 807 nostra:
1873 752 2226 817 mandamus,
2256 762 2323 808 ut
2358 750 2604 824 quilibet
2639 751 2879 811 betarum
2904 769 2963 806 se
2990 749 3059 807 de
3087 749 3375 807 natalibus
3404 770 3546 825 quo-

770 836 779 846 ’
833 856 1194 912 rumcunque
1220 838 1551 896 clericorum
1588 840 1679 897 sui
1718 840 2014 904 betanatfiss
2041 842 2344 918 diligenter
2367 839 2649 906 informet,
2678 851 2735 896 et
2762 840 2811 897 si
2839 859 3212 915 quoscunque
3239 860 3309 897 ex
3334 840 3547 899 eisdem

831 928 1109 985 natalium
1152 928 1436 986 defectum
1480 931 1598 1006 pati
1642 933 1922 1007 repererit,
1952 928 2072 991 una
2107 954 2242 991 cum
2273 932 2603 997 eorundem,
2630 942 2687 989 et
2714 930 3098 998 ecclesiarum,
3127 932 3342 1007 quibus
3379 933 3546 990 mini-

832 1030 1028 1085 strant,
1057 1020 1409 1089 nominibus,
1437 1022 1601 1079 nobis
1628 1019 1963 1097 quantocius
1993 1027 2291 1101 propalare
2319 1023 2557 1089 studeat,
2585 1034 2642 1080 et
2682 1017 3106 1098 quamprimum
3147 1023 3285 1099 ipsis
3324 1020 3546 1085 uttan&

831 1123 886 1168 et
913 1112 1251 1179 camerariis,
1279 1114 1539 1189 utrisque
1567 1117 1657 1173 vel
1684 1117 1878 1174 alteris
1906 1117 2232 1182 eorundem,
2260 1115 2329 1173 de
2358 1125 2534 1172 morte
2561 1115 2809 1187 alicujus
2848 1114 3038 1172 clerici
3082 1111 3384 1191 illegitime
3424 1116 3544 1173 nati

831 1202 1161 1268 constiterit,
1193 1223 1548 1280 quaecunque
1576 1206 1725 1265 bona
1751 1226 1852 1284 per
1877 1229 2011 1266 eum
2037 1208 2321 1274 derelicta,
2348 1226 2416 1265 eo
2443 1206 2626 1272 mod0,
2655 1226 2771 1281 quo
2812 1206 2874 1263 in
2917 1202 3172 1282 proxime
3209 1207 3546 1281 praeoedenti

831 1295 1015 1370 capite
1057 1294 1272 1352 dictum
1317 1309 1418 1363 est,
1449 1299 1511 1355 in
1555 1298 1939 1356 inventarium
1981 1300 2355 1365 conscribant,
2383 1310 2554 1372 atque
2596 1298 2704 1355 sub
2745 1298 2912 1355 firmo
2953 1309 3183 1364 arrest0,
3211 1300 3545 1357 auctoritate

831 1392 1020 1446 nostra
1065 1401 1296 1465 ponant,
1345 1401 1446 1446 aut
1501 1389 1640 1464 poni
1694 1391 1932 1448 faciant:
1995 1391 2314 1449 inhibentes
2368 1389 2654 1457 omnibuS‚
2693 1409 2766 1446 ne
2818 1388 3013 1447 eadem
3066 1389 3394 1456 distrahant,
3440 1403 3544 1447 aut

829 1480 1096 1546 alienent,
1125 1482 1216 1538 vel
1257 1479 1319 1537 in
1361 1500 1500 1538 usus
1541 1500 1673 1537 suos
1714 1493 2072 1540 convertant:
2113 1494 2169 1540 et
2204 1482 2434 1540 interim
2463 1481 2595 1538 talis
2623 1479 2949 1556 presbyteri,
2976 1500 3077 1538 seu
3102 1481 3294 1539 clerici
3322 1480 3544 1538 obitum

832 1571 1013 1638 nobiS,
1041 1573 1130 1630 vel
1173 1572 1481 1647 sigillifero
1520 1583 1729 1639 nostro,
1756 1573 1969 1647 absque
2011 1578 2169 1632 mora
2209 1573 2518 1639 insinuent,
2547 1583 2603 1630 et
2643 1571 2949 1629 notificent.
3047 1573 3218 1629 Secus
3258 1572 3540 1638 facientes,

831 1664 1095 1721 volumus
1127 1664 1252 1738 ipso
1288 1663 1434 1721 facto
1473 1664 1546 1720 ab
1588 1665 1785 1721 officiis
1826 1665 1947 1722 suis
1986 1686 2103 1724 esse
2144 1684 2459 1741 suspensos,
2487 1664 2665 1722 donec
2692 1658 2731 1720 a
2755 1664 2937 1729 nobis,
2967 1665 3057 1721 vel
3087 1664 3301 1723 vioerio
3330 1675 3541 1729 nostro,

830 1755 1207 1813 absolutionis
1236 1755 1573 1812 beneficium
1604 1755 1855 1813 obtinere
1884 1757 2210 1814 meruerint.

912 1866 1027 1904 xxi.
1071 1847 1165 1905 Ne
1192 1859 1384 1905 autem
1404 1843 1587 1905 uetant
1610 1858 1693 1904 tot
1720 1848 2004 1923 tantisque
2030 1848 2325 1906 laboribus
2351 1849 2461 1906 soli
2491 1858 2817 1923 graventur,
2835 1849 3103 1905 volumus
3123 1857 3179 1904 et
3206 1845 3543 1903 mandamus

829 1950 885 1996 et
925 1938 1231 2012 cujuslibet
1272 1939 1625 2016 regiunculae
1666 1940 2022 2006 camerarius,
2052 1941 2144 1996 vel
2186 1960 2252 1997 eo
2295 1939 2586 2014 impedito,
2617 1940 2802 1997 senior
2829 1960 2895 1996 ex
2926 1950 3172 2014 quatuor
3197 1937 3544 1995 consiliariis

830 2031 960 2105 (qui
1005 2032 1067 2089 in
1111 2032 1379 2090 omnibus
1422 2027 1682 2107 capituli&
1727 2029 1947 2094 betunia
1994 2032 2234 2108 adjungi
2284 2034 2466 2090 solent
2507 2043 2563 2089 et
2606 2030 2835 2102 debent)
2879 2031 2970 2088 sui
3012 2026 3197 2090 uttan(
3239 2041 3545 2106 perpetuus

830 2124 1095 2191 vicarius,
1127 2124 1501 2201 cooperariuS,
1530 2135 1585 2183 et
1612 2125 1842 2197 adjutor
1868 2126 1962 2190 sit,
1991 2144 2168 2198 eaque
2195 2125 2403 2190 omnia,
2430 2144 2559 2199 quae
2585 2125 2839 2189 betanus,
2858 2122 3205 2185 infirmitate,
3233 2120 3546 2177 necessaria

828 2215 1101 2282 absentia,
1142 2219 1233 2275 vel
1278 2218 1393 2275 alia
1425 2218 1581 2290 justa
1621 2220 1790 2274 causa
1836 2217 2162 2293 impedituS,
2205 2216 2382 2273 facere
2423 2235 2540 2272 non
2588 2227 2786 2291 potest,
2828 2212 3184 2275 camerarius»,
3222 2211 3313 2267 vel
3356 2210 3548 2267 senior

829 2307 1207 2376 consiliarius,
1253 2306 1438 2368 butant
1483 2320 1671 2367 tamen
1716 2309 1996 2385 praescitu,
2030 2307 2288 2373 consili0,
2328 2317 2385 2364 et
2418 2306 2604 2379 jussu,
2647 2305 2914 2381 perficiat,
2957 2315 3014 2361 et
3053 2302 3329 2379 expediat,
3372 2314 3547 2377 atque

827 2399 1024 2457 berane
1054 2400 1116 2458 in
1145 2402 1412 2459 omnibus
1442 2401 1608 2458 rebus
1634 2399 1811 2457 licitis
1851 2411 1907 2457 et
1948 2398 2195 2457 honestis
2231 2397 2606 2456 obedientiam
2637 2407 2874 2473 praestet.
2956 2394 3313 2453 Generaliter
3353 2405 3544 2450 autem

826 2491 1081 2560 Decuma,
1110 2494 1470 2560 camerarius,
1491 2503 1545 2551 et
1573 2492 1760 2550 senior
1786 2490 2162 2557 consiliarius,
2191 2510 2306 2548 non
2335 2500 2557 2547 tantum
2585 2508 2667 2556 ea,
2696 2508 2827 2564 quae
2852 2487 3091 2564 sparsim
3133 2486 3265 2544 hinc
3308 2486 3442 2544 inde
3483 2485 3547 2543 in

829 2580 982 2640 hisce
1009 2584 1535 2649 constitutionibus,
1565 2584 1648 2640 eis
1677 2583 1933 2655 injuncta
1961 2592 2111 2648 sunt,
2141 2582 2236 2639 sed
2267 2582 2488 2657 reliqua
2527 2581 2737 2647 omnia,
2767 2581 3012 2656 quisque
3039 2579 3102 2636 in
3130 2597 3235 2635 suo
3262 2577 3544 2642 districtu,

832 2672 1072 2731 fideliter
1099 2686 1155 2731 et
1184 2694 1286 2749 pro
1313 2675 1536 2733 viribus
1572 2684 1913 2749 exequatur:
1960 2673 2132 2730 iidem
2160 2692 2389 2747 quoque
2427 2672 2501 2729 ad
2542 2673 2762 2729 futuras
2804 2671 3046 2747 synodos
3087 2668 3272 2728 vocati
3315 2687 3542 2742 compa-

831 2774 1005 2829 reant,
1034 2764 1453 2840 diligenterque
1480 2766 1808 2840 invigilent,
1837 2777 1902 2821 ut
1933 2765 2165 2840 parochi
2192 2764 2448 2822 subditos
2490 2784 2621 2821 suos
2662 2765 2914 2830 doceant,
2944 2762 3246 2837 corrigant,
3275 2772 3330 2818 et
3359 2762 3541 2817 veluti

832 2854 1024 2911 fideles
1073 2866 1342 2929 pastores„
1387 2857 1449 2913 in
1497 2856 1592 2913 via
1635 2855 1923 2913 catholicae
1967 2855 2237 2913 doctrinae
2280 2856 2620 2922 contineant,
2665 2875 2736 2912 ne
2785 2853 3204 2929 irregularitate
3257 2862 3545 2910 contracta

835 2945 1170 3013 ministrent,
1197 2966 1337 3003 neve
1380 2947 1440 3004 in
1483 2947 1604 3005 foro
1632 2947 2009 3013 conscientiae,
2039 2948 2100 3004 in
2142 2946 2334 3003 dubiis
2376 2946 2767 3022 respondeant,
2795 2946 2908 3003 nisi
2949 2945 3243 3021 peritiores
3285 2938 3441 3019 prius
3484 2943 3542 2999 in

832 3036 1139 3094 consilium
1164 3037 1568 3108 adhibuerint;
1607 3038 1679 3095 ad
1707 3040 1825 3095 haec
1844 3049 1911 3096 ut
1930 3039 2004 3096 ab
2025 3037 2442 3095 extorsionibus
2469 3049 2524 3095 et
2552 3037 2940 3095 exactionibus
2967 3036 3190 3093 illicitis
3216 3046 3271 3093 et
3300 3035 3546 3092 insolitis

833 3128 1168 3197 abstineant,
1195 3142 1251 3188 et
1274 3131 1596 3188 libertatem
1622 3131 2079 3198 ecclesiasticam,
2108 3125 2383 3206 quantum
2411 3130 2474 3187 in
2502 3130 2584 3187 eis
2611 3140 2711 3197 est,
2740 3139 3037 3187 tueantur:
3077 3128 3152 3184 ad
3181 3147 3309 3202 quae
3351 3126 3545 3184 omnia

834 3222 1145 3288 camerarii,
1175 3223 1385 3280 nedum
1427 3223 1490 3280 in
1531 3223 1649 3280 suis
1689 3219 1972 3298 capitulla,
2003 3218 2195 3281 verum
2235 3223 2407 3279 etiam
2447 3221 2556 3288 hic,
2583 3241 2772 3279 coram
2798 3221 3012 3278 vicario
3040 3230 3232 3276 nostro
3273 3218 3336 3275 in
3377 3218 3543 3293 spiri·

834 3312 1107 3380 tualibuS,
1135 3334 1310 3389 quam
1339 3314 1589 3389 primum
1617 3315 1863 3389 quisque
1891 3326 2019 3392 post
2046 3314 2373 3373 electionem
2401 3333 2581 3380 suam,
2599 3313 2672 3370 ad
2702 3311 3040 3369 reddendam
3067 3309 3346 3368 rationem
3372 3309 3541 3366 officii

834 3403 942 3471 sui,
970 3406 1062 3462 vel
1091 3406 1164 3463 ob
1192 3405 1309 3463 alia
1336 3406 1567 3481 negotia
1594 3407 1705 3464 huc
1735 3408 1970 3472 venerit,
1992 3408 2315 3480 juramento
2342 3427 2400 3464 se
2427 3407 2739 3480 astringere
2765 3403 2985 3461 debent.

913 3515 1055 3554 xxu.
1097 3497 1388 3556 Postremo
1413 3496 1599 3558 uttan(
1627 3510 1684 3555 et
1710 3499 2003 3556 camerarii
2031 3498 2278 3573 singulis
2304 3496 2471 3554 annis
2498 3496 3056 3553 administrationum
3086 3512 3321 3551 suarum
3356 3511 3543 3549 coram

833 3587 1015 3655 nobis,
1046 3592 1135 3648 vel
1164 3592 1396 3657 vicariO,
1424 3602 1478 3648 et
1504 3591 1637 3647 aliis
1666 3590 2000 3648 officialibus
2028 3590 2253 3656 nostriS‚
2282 3591 2354 3647 ad
2381 3610 2627 3664 quorum
2656 3588 2838 3646 officia
2867 3588 2927 3644 id
2964 3596 3193 3663 spectat,
3220 3584 3450 3642 fidelem
3489 3594 3545 3639 et

833 3681 1105 3738 sinceram
1149 3684 1420 3741 rationem
1466 3683 1692 3740 reddere
1732 3693 2061 3739 teneantur:
2116 3692 2172 3739 et
2210 3682 2473 3756 quamvis
2513 3680 2626 3756 ipsi
2667 3679 2739 3738 ad
2781 3700 2849 3737 ea
2888 3680 3081 3737 omnia
3122 3675 3438 3753 praestanda
3477 3694 3546 3732 ex

834 3771 1019 3829 officio
1058 3783 1114 3830 et
1154 3775 1352 3848 vigore
1372 3773 1699 3847 juramenti,
1727 3773 1881 3847 quod
1922 3774 2099 3831 facere
2139 3784 2570 3838 consueverunt,
2598 3771 2817 3829 astricti
2857 3783 3007 3837 sunt,
3035 3790 3140 3827 nos
3167 3766 3545 3826 nihilominus

832 3861 1036 3918 debitae
1064 3865 1432 3938 gratitudinis
1462 3885 1751 3931 memoreS,
1781 3865 1830 3921 si
1859 3885 1916 3921 se
1943 3864 2267 3939 diligentes,
2298 3864 2544 3930 sedulos,
2571 3875 2625 3921 et
2650 3863 2845 3920 fideles
2887 3862 2948 3919 in
2989 3862 3109 3919 suis
3149 3860 3350 3918 officiis
3386 3856 3543 3915 exhi-

833 3952 1079 4019 buerint,
1109 3975 1333 4013 omnem
1360 3956 1441 4014 eis
1469 3956 1714 4033 gratiam
1741 3968 1798 4014 et
1826 3957 2254 4031 promotionem,
2283 3956 2467 4014 cuivis
2495 3954 2678 4013 labori
2706 3966 2762 4013 et
2789 3954 3125 4029 diligentiae,
3152 3951 3332 4011 nostri
3373 3953 3544 4008 causa

832 4045 1122 4119 susceptis,
1151 4048 1497 4121 condignam
1525 4060 1581 4105 et
1609 4049 2130 4123 correspondentem
2162 4050 2515 4123 pollicemur.

913 4152 1076 4191 xx111.
1119 4136 1227 4193 Sed
1275 4141 1737 4214 quandoquidem
1779 4141 1934 4216 apud
1978 4141 2254 4215 quosdam
2302 4140 2739 4198 nefandissimus
2774 4140 2874 4197 ille
2914 4140 3127 4196 abusus
3168 4135 3437 4200 invaluit,
3479 4145 3545 4191 ut

831 4219 1165 4302 plerumque
1192 4230 1480 4307 indignos,
1500 4244 1555 4289 et
1578 4233 1838 4289 maximis
1858 4233 2017 4291 vitiis
2045 4233 2309 4298 irretitos,
2330 4233 2388 4289 in
2406 4236 2634 4293 berane}
2657 4232 2896 4306 eligant,
2921 4250 3037 4305 quo
3067 4229 3259 4285 minus
3288 4227 3382 4284 illi
3401 4227 3546 4284 alios

831 4320 1293 4393 reprehendendi,
1321 4324 1775 4400 corripiendique
1800 4324 2042 4382 habeant
2069 4324 2451 4382 occasionem:
2494 4319 2706 4381 idcirco
2732 4344 2836 4381 nos
2863 4324 2966 4380 hoc
3008 4320 3270 4397 praesenti
3314 4329 3546 4385 statum,
