3882 5037
784 429 936 500 280
1571 429 2341 509 finatis—Qvoattntntsl
2369 430 2738 496 mutuamus.
3241 430 3432 503 [Pmr
3460 431 3513 487 Ι.

783 647 974 703 quem,
1005 629 1107 688 ubi
1136 631 1329 689 habita
1360 631 1626 707 diligenti
1653 630 2022 708 inquisitione
2052 632 2323 691 idoneum
2351 631 2812 709 cognoverimus,
2842 640 2970 708 post
2996 629 3305 707 praestitam
3342 629 3415 688 ab
3443 649 3512 687 eo

785 719 1072 794 publicam
1102 723 1429 781 orthodoxae
1471 722 1608 780 fidei
1653 724 2059 800 professionem
2106 735 2162 782 et
2201 725 2587 799 juramentum
2632 733 2992 787 consuetum,
3029 720 3512 779 confirmabimus.

781 810 968 878 Quod,
1000 812 1332 916 priusquam
1374 815 1492 882 fiat,
1522 814 1707 923 officio
1732 817 2036 879 Recensum
2063 817 2228 875 nullo
2264 817 2431 875 modo
2459 816 2748 894 fungatur,
2773 833 2877 871 nec
2909 832 2968 871 se
2994 813 3102 870 hoc
3138 812 3310 872 titulo
3337 813 3511 872 scribi

791 902 878 958 vel
908 901 1189 960 nominari
1219 905 1484 980 patiatur.

1320 1080 1530 1140 Foam
1559 1084 1599 1140 J
1606 1103 1901 1144 unanimi
1932 1079 1968 1142 λ
1995 1081 2246 1148 ”nanis
2274 1082 2600 1148 &malibus
2627 1101 2971 1142 rensuum.

865 1194 994 1270 Ego
1017 1196 1096 1252 N.
1120 1199 1254 1272 juro
1273 1220 1339 1259 ac
1369 1204 1638 1278 promitto
1660 1206 1788 1264 Deo
1811 1206 2227 1282 omnipotenti,
2249 1218 2307 1266 et
2330 1209 2522 1266 Beatae
2547 1204 2751 1264 Mariae
2772 1200 3006 1279 Virgini
3030 1200 3292 1258 Patronae
3314 1197 3510 1255 Eecle-

780 1284 879 1343 siae
907 1288 1284 1364 Augustanae,
1315 1294 1471 1368 quod
1500 1296 1763 1374 episcopo
1792 1297 2151 1375 Augustano,
2172 1310 2232 1357 et
2258 1297 2377 1358 suis
2398 1296 2816 1357 successoribus
2831 1287 3099 1352 canonice
3142 1290 3511 1358 intrantibus,

778 1377 964 1436 fidelis
1008 1390 1066 1437 et
1109 1381 1376 1443 obediens
1417 1406 1547 1445 ero:
1587 1388 1740 1464 quod
1788 1390 1963 1448 etiam
2006 1390 2146 1464 ejus,
2174 1411 2240 1448 ac
2289 1389 2508 1456 vicarii,
2551 1387 2827 1454 officialis,
2871 1397 2929 1443 et
2964 1383 3232 1459 judicum
3274 1400 3511 1439 suorum

783 1470 1048 1529 mandata
1075 1473 1319 1534 fideliter
1344 1499 1620 1556 exequar:
1666 1492 1940 1556 praeterea
1978 1481 2135 1557 quod
2176 1493 2394 1540 remoto
2421 1479 2580 1538 omni
2619 1479 2752 1537 dolo
2779 1489 2837 1536 et
2876 1475 3073 1534 fraude
3100 1471 3300 1532 decani
3325 1472 3510 1532 officio

783 1579 885 1637 pro
914 1561 1133 1622 viribus
1160 1567 1517 1628 satisfaciam.
1597 1571 1692 1630 Sic
1720 1591 1810 1631 me
1842 1573 2007 1631 Deus
2032 1572 2284 1647 adjuvet,
2308 1582 2365 1630 et
2392 1573 2510 1629 haec
2537 1572 2746 1629 Sancta
2772 1569 2886 1627 Dei
2917 1564 3253 1641 Evangelia.

865 1673 939 1711 ιν.
981 1654 1073 1712 Ad
1116 1654 1301 1718 ultani
1343 1662 1593 1719 officium
1638 1663 1900 1740 inprimis
1948 1662 2209 1741 pertinet,
2254 1675 2505 1740 pastores
2547 1663 2609 1720 in
2636 1661 2747 1719 sibi
2791 1659 3006 1719 credits
3048 1657 3383 1734 regiuncula
3436 1657 3511 1714 ad

783 1742 1088 1821 capitulum
1118 1749 1205 1806 bis
1245 1749 1304 1808 in
1332 1771 1481 1810 anno
1507 1773 1832 1821 convocare,
1860 1766 2112 1833 tempore
2141 1776 2176 1813 a
2201 1756 2365 1815 nobis
2403 1754 2732 1820 constituto,
2760 1762 2826 1809 nt
2863 1750 2913 1807 si
2954 1751 3036 1808 ita
3064 1748 3330 1824 expedire
3352 1748 3508 1822 judi-

781 1838 1117 1906 caverimus,
1145 1841 1237 1898 vel
1264 1841 1515 1917 aliquem
1544 1844 1616 1902 ad
1645 1845 1794 1904 illud
1824 1847 2063 1914 mittere,
2092 1848 2184 1905 vel
2213 1848 2263 1905 si
2297 1866 2429 1922 quae
2457 1843 2831 1921 significanda
2857 1840 3058 1908 forent,
3089 1841 3301 1916 scripto
3328 1840 3508 1916 Sigm·

779 1930 949 1987 ficare
1005 1930 1300 2006 possimus.
1436 1935 1741 1994 Rationem
1797 1957 1932 1997 vero
1988 1950 2046 1997 et
2101 1939 2330 1997 modum
2387 1939 2448 1996 in
2501 1934 2838 1995 celebrando
2893 1929 3134 2009 tspttulo
3190 1929 3510 1989 observabit

780 2023 1043 2098 sequenti
1070 2024 1254 2101 capite
1283 2029 1690 2104 praescriptum.

863 2133 915 2171 v.
959 2115 1185 2174 Deinde
1206 2119 1331 2191 ejus
1352 2119 1602 2177 muneris
1629 2131 1687 2178 et
1707 2120 2019 2180 functionis
2041 2141 2159 2180 esse
2181 2122 2465 2188 volumus,
2492 2119 2762 2194 adjuncto
2789 2113 2900 2173 sibi
2926 2112 3253 2180 camerariO,
3280 2114 3372 2171 vel
3392 2113 3509 2171 alio

779 2226 816 2263 a
843 2206 1006 2264 nobis
1037 2207 1325 2284 deputato,
1355 2211 1617 2270 ecclesias
1658 2212 2026 2288 parochiales,
2054 2214 2315 2289 capellas,
2345 2212 2569 2288 aliaque
2600 2210 2696 2286 pia
2735 2209 2865 2266 loca
2891 2204 3184 2264 districtas
3222 2206 3312 2263 sui
3337 2218 3508 2282 quot·

780 2294 941 2356 annis
985 2299 1230 2368 visitare,
1272 2312 1508 2378 actaque
1549 2304 1886 2362 visitationis
1927 2323 2147 2383 semper
2189 2315 2316 2380 post
2354 2303 2596 2380 quodvis
2638 2295 2944 2377 tupitulum
2988 2298 3341 2375 regiunculae
3388 2317 3507 2355 suae

782 2391 962 2457 nobis,
991 2392 1081 2449 vel
1110 2391 1319 2450 vicario
1348 2404 1540 2452 nostro
1567 2396 1964 2455 transmittere.

862 2500 941 2541 v1.
988 2483 1256 2560 Inspiciet
1297 2497 1487 2545 autem
1535 2507 1652 2546 non
1700 2489 1869 2548 modo
1917 2486 2180 2548 ecclesias
2228 2488 2398 2564 ipsas,
2441 2485 2542 2546 sed
2585 2485 2758 2545 etiam
2804 2483 3102 2552 sacristias,
3147 2503 3283 2543 vasa
3328 2502 3506 2552 sacra,

784 2586 981 2642 vestes,
1023 2590 1370 2645 ornamenta,
1398 2582 1739 2649 coemeteria,
1776 2583 2116 2660 sepulturas,
2153 2581 2546 2658 parochorum,
2574 2580 2940 2654 aliorumque
2982 2576 3320 2635 clericorum
3363 2575 3508 2633 aedes

782 2686 845 2723 ae
874 2666 1134 2734 familias,
1163 2669 1374 2744 praedia
1400 2682 1456 2729 et
1485 2692 1688 2729 census
1715 2669 1924 2731 attente
1964 2684 2186 2739 notans,
2212 2692 2387 2748 quam
2415 2672 2608 2729 omnia
2647 2672 2888 2746 integra,
2919 2667 3135 2726 munda
3160 2686 3258 2725 suo
3291 2668 3422 2725 loco
3448 2676 3506 2723 et

782 2756 995 2822 ordine,
1020 2777 1085 2814 ac
1109 2754 1234 2815 tuto
1262 2773 1685 2829 conserventur,
1711 2775 1767 2822 et
1792 2764 1931 2838 quid
1960 2764 2023 2820 in
2048 2766 2279 2839 quaque
2311 2784 2368 2822 re
2396 2762 2558 2820 desit.

861 2866 965 2904 vn.
1010 2849 1165 2906 Inter
1193 2860 1395 2907 caetera
1420 2852 1672 2927 inquirat
1701 2853 2011 2929 prudenter
2037 2866 2094 2911 et
2120 2851 2302 2921 cauni,
2331 2874 2405 2912 an
2434 2864 2689 2929 pastores
2725 2851 2859 2927 ipsi,
2885 2871 2951 2909 ac
2979 2850 3166 2908 caeteri
3194 2850 3507 2908 sacerdotes

783 2948 841 2994 et
889 2938 1132 2997 ministri
1174 2942 1425 2999 ecclesiae
1467 2944 1649 3001 officio
1691 2962 1796 3002 suo
1841 2945 1901 3001 in
1951 2945 2346 3021 praedicatione
2394 2944 2555 3004 verbi
2598 2943 2729 3012 Dei,
2771 2942 3145 3001 celebratione
3186 2943 3506 3009 missarum,

782 3028 1263 3091 administratione
1302 3046 1796 3101 sacramentorum,
1837 3055 1901 3092 ac
1941 3037 2156 3093 caeteris
2201 3036 2467 3094 omnibus
2509 3034 2872 3100 satisfaciant,
2915 3043 2972 3091 et
3019 3052 3149 3107 quae
3193 3032 3267 3089 sit
3308 3051 3504 3091 eorum

785 3121 915 3179 vitae
941 3143 1006 3179 ac
1046 3141 1270 3180 morum
1316 3124 1475 3191 ratio,
1501 3125 1603 3200 qui
1631 3126 1884 3193 vestitus,
1912 3126 2260 3202 quibuscum
2287 3126 2500 3187 versari
2542 3128 2779 3193 soleant,
2805 3124 2999 3199 qualis
3026 3144 3228 3183 eorum
3269 3124 3504 3191 familia,

781 3233 856 3271 an
885 3213 1088 3271 studiis
1115 3214 1319 3292 gradui
1346 3234 1453 3273 suo
1478 3217 1957 3286 convenientibus,
1985 3239 2057 3276 an
2087 3219 2215 3277 aliis
2242 3218 2450 3277 intenti
2478 3218 2608 3276 sint.

864 3324 988 3364 vm.
1030 3307 1272 3365 Studeat
1298 3327 1531 3382 quoque
1559 3328 1913 3387 cognoscere,
1941 3332 2016 3370 an
2041 3311 2103 3369 in
2129 3311 2346 3388 populo
2371 3310 2486 3368 sint
2510 3308 2775 3375 haeretici,
2804 3308 2896 3367 vel
2922 3307 2992 3364 de
3019 3307 3213 3365 haeresi
3241 3307 3507 3384 suspecti,

781 3398 1026 3456 cultores
1082 3399 1219 3456 artis
1278 3400 1513 3477 magicae
1564 3413 1622 3458 et
1675 3403 2168 3479 superstitionum,
2230 3402 2497 3469 usurarii,
2552 3399 2940 3459 concubinarii
3002 3401 3237 3475 publici,
3291 3400 3507 3476 aliique

778 3489 1047 3565 flagitiosi
1074 3491 1345 3558 homines,
1371 3493 1476 3568 qui
1504 3494 1830 3553 inimicitias
1858 3494 2217 3553 scandalosas
2243 3505 2462 3571 gerant,
2490 3493 2710 3571 quique
2739 3505 2886 3550 stata
2904 3493 3142 3567 jejunia,
3171 3492 3290 3551 dies
3318 3492 3504 3559 festos,

778 3591 835 3636 et
859 3581 972 3637 alia
997 3582 1243 3640 ecclesiae
1283 3596 1564 3660 praecepta
1603 3605 1719 3643 non
1761 3598 2000 3646 servent.
2084 3582 2388 3663 Speciatim
2430 3606 2660 3661 quoque
2701 3585 2955 3660 inquirat
2994 3584 3064 3641 de
3107 3584 3333 3650 scholis,
3359 3603 3504 3659 quos

777 3671 956 3729 libros
981 3673 1371 3750 ludimagistri
1399 3674 1696 3735 discendos
1726 3689 2061 3753 proponant,
2089 3690 2144 3736 et
2172 3699 2247 3736 an
2274 3678 2456 3737 officio
2485 3697 2593 3735 suo
2620 3676 2988 3741 satisfaciant,
3017 3686 3075 3733 et
3102 3676 3336 3733 omnino
3365 3677 3505 3735 tales

778 3761 908 3828 sint,
938 3774 994 3820 et
1023 3764 1103 3821 ita
1128 3764 1377 3831 admissi,
1406 3766 1887 3839 quemadmodum
1927 3769 1990 3826 in
2030 3771 2135 3827 hssc
2172 3769 2387 3848 synodo
2417 3769 2833 3828 mandavimus.
2919 3767 3125 3841 Neque
3152 3769 3341 3825 solum
3369 3768 3503 3835 haec,

779 3853 875 3911 sed
903 3875 1259 3931 quaecunque
1286 3877 1322 3914 a
1347 3857 1687 3917 Tridentino
1713 3860 1969 3920 Concilio
2009 3874 2068 3919 et
2111 3857 2151 3919 ὲ
2193 3861 2357 3919 nobis
2403 3862 2731 3939 praescripta
2772 3871 2924 3925 sunt,
2967 3878 3210 3933 quaeque
3254 3877 3356 3935 pro
3397 3863 3504 3916 sua

780 3945 1100 4021 prudentia,
1129 3957 1184 4005 et
1225 3948 1431 4024 pietate
1474 3949 1546 4007 ad
1594 3951 1901 4010 utilitatem
1944 3973 2009 4011 ac
2054 3955 2298 4012 salutem
2342 3956 2689 4031 populorum
2732 3953 2787 4011 ei
2833 3952 2895 4009 in
2939 3962 3186 4009 mentem
3231 3951 3503 4019 venerint,

778 4039 1051 4111 exquirat.

860 4150 934 4188 ιιι.
978 4132 1062 4189 Ut
1104 4143 1294 4191 autem
1341 4131 1531 4194 unani
1558 4136 1703 4193 hanc
1748 4136 1841 4195 sui
1884 4139 2137 4197 muneris
2187 4151 2404 4216 partem
2448 4134 2659 4198 rectilis
2702 4148 2758 4195 et
2800 4135 3002 4211 majori
3045 4134 3237 4192 fructu
3282 4134 3502 4202 obeant,

778 4224 1039 4299 expediet
1068 4226 1196 4283 illos
1226 4226 1448 4295 habere,
1476 4239 1532 4286 et
1570 4225 1880 4305 diligenter
1905 4233 2095 4309 legere
2122 4232 2329 4290 libros:
2370 4231 2588 4289 concil.
2618 4229 3039 4294 Tridentinum,
3075 4227 3342 4283 manuale
3372 4226 3502 4284 visi·

779 4327 1026 4374 tator-um
1054 4316 1319 4386 feliciani,
1347 4318 1694 4395 obsequiale,
1716 4332 1771 4379 et
1798 4322 1917 4381 haec
1945 4323 2168 4382 decreta
2197 4322 2505 4400 synodalia.
2591 4320 2814 4379 Deinde
2840 4318 3087 4395 singulis
3111 4317 3270 4383 locis,
3298 4311 3338 4374 a
3364 4318 3503 4377 viris
