3882 5037
338 474 476 530 Smer.
500 470 599 527 IV.
631 468 712 541 2.]
1182 460 1822 540 &many—Bistua
1852 464 1911 524 of
1936 462 2213 544 (toroque.
2898 471 3049 544 297

404 672 496 728 An
526 663 558 724 ὲ
589 664 882 743 suggestis
913 664 1226 740 publicent,
1251 666 1430 724 libros
1461 661 1499 724 ὲ
1532 666 1897 736 Lutheranis,
1924 668 2218 737 haereticis,
2245 671 2309 727 in
2338 670 2578 728 decretis
2609 671 3053 747 provincialibus

335 761 455 829 (sub
493 758 754 816 rubrica:
803 758 918 825 Qui
953 757 1085 812 libri
1114 760 1386 833 parochis
1422 762 1476 815 et
1513 760 2001 817 concionatoribus
2036 760 2151 818 sint
2187 763 2427 830 vitandi,
2454 766 2508 820 et
2527 760 2830 841 fuyiendi)
2868 765 3051 822 nomi-

333 850 485 916 natis,
527 867 843 923 eorumque
901 847 1193 908 similibus
1251 849 1453 918 editos,
1495 861 1616 908 tam
1677 850 2063 919 soecularibus‚
2104 872 2278 928 quam
2337 855 2730 914 ecclesiasticis
2780 866 3052 931 tanquam

333 954 527 1020 pestem
555 959 678 999 esse
706 940 982 998 vitandos.

402 1036 496 1092 An
520 1033 865 1091 admoneant
890 1050 1022 1088 suas
1050 1030 1485 1091 communitates
1513 1032 1771 1101 rusticas,
1794 1045 1862 1092 ut
1885 1056 1921 1093 a
1944 1033 2550 1095 circumambulatione
2579 1039 3054 1108 coemeteriorum,

334 1127 429 1183 sub
478 1124 748 1183 concione
798 1133 856 1179 et
908 1121 1119 1181 divinis
1173 1124 1512 1194 abstineant,
1557 1124 1667 1183 sub
1722 1128 1893 1201 poena
1959 1125 2307 1202 denegandae
2363 1128 2738 1188 absolutionis
2790 1141 2848 1188 et
2898 1151 3052 1189 eom-

335 1236 623 1275 mumoms.

402 1310 494 1366 An
521 1317 755 1384 pateant
779 1304 1072 1381 oenopolia
1095 1317 1153 1363 et
1181 1304 1429 1363 tabernae
1453 1305 1655 1364 diebus
1681 1306 1838 1366 sestis
1865 1318 2000 1365 ante
2027 1327 2268 1375 sacrum,
2292 1307 2358 1366 in
2383 1309 2623 1369 ecclesia
2650 1322 2960 1388 peractum.

408 1400 482 1457 Et
508 1419 585 1456 an
615 1398 759 1456 tales
787 1409 1228 1474 transgressores
1257 1399 1510 1457 deferant
1536 1399 1608 1457 ad
1636 1398 2053 1475 magistratum.

406 1494 498 1550 An
535 1489 823 1550 soecularis
860 1488 1228 1565 magistratus
1255 1490 1714 1564 jurisdictionem
1745 1502 1802 1548 et
1833 1490 2173 1558 libertatem,
2200 1489 2730 1569 immunitatemque
2765 1497 3053 1556 eeclesias-

340 1583 492 1641 ticam
520 1582 838 1659 impediant
864 1601 965 1639 seu
995 1582 1344 1657 perturbent.

405 1675 480 1732 Et
522 1695 597 1733 an
639 1674 864 1749 judices
904 1673 1202 1731 saeculares
1245 1673 1316 1731 de
1364 1673 1808 1741 beneficialibus,
1851 1673 2385 1743 matrimonialibus,
2425 1676 2791 1747 deeimarum,
2828 1692 2886 1738 et
2925 1681 3056 1739 aliis

337 1766 505 1825 causis
532 1766 951 1842 spiritualibus,
975 1785 1076 1823 seu
1104 1765 1174 1822 de
1202 1766 1549 1825 correctione
1577 1766 2086 1825 ecclesiasticarum
2118 1786 2507 1843 personarum,
2527 1791 2587 1828 se
2618 1771 3014 1831 intromittant.

404 1859 495 1917 An
521 1859 583 1917 in
631 1878 830 1916 eorum
875 1856 1159 1932 parochiis
1215 1858 1591 1916 admittantur
1640 1856 2070 1936 ludi-magistri,
2109 1860 2181 1918 ad
2231 1861 2637 1922 instituendam
2673 1865 3053 1938 juventutem,

335 1970 563 2026 quorum
590 1951 750 2018 fides,
773 1968 974 2017 mores,
995 1959 1053 2006 et
1077 1948 1361 2008 institutio
1389 1971 1506 2010 non
1533 1950 1649 2008 sint
1677 1951 1987 2027 explorata,
2008 1961 2111 2008 etc.
2132 1962 2238 2010 etc.
2260 1964 2364 2012 etc.

1824 2043 1941 2100 GC.
1971 2044 2321 2114 Germaniae,
2350 2045 2514 2103 Tom.
2537 2064 2617 2105 vr.
2644 2065 2698 2123 p.
2717 2050 3050 2106 634—638.

1117 2345 1334 2405 SEGl'.
1363 2345 1468 2404 IV.
1504 2344 1881 2412 2—Dtotaese
1909 2346 1969 2409 of
1993 2345 2252 2423 coloque

337 2479 458 2540 Tus
489 2483 710 2541 Omen
747 2499 819 2540 or
853 2477 1060 2543 Draus
1092 2474 1289 2539 Ruta!
1327 2497 1391 2537 m
1425 2496 1543 2536 rna
1574 2478 1831 2538 Dmcass
1868 2497 1938 2538 or
1971 2478 2258 2548 Comana,
2289 2497 2365 2538 av
2401 2479 2776 2540 Maxumum
2813 2481 3047 2549 Hauav,

1065 2573 1442 2630 Aacmnsnor
1469 2588 1539 2627 or
1566 2571 1860 2639 Comana,
1883 2571 2029 2628 A.D.
2051 2590 2305 2630 noemi.

410 2706 445 2745 1.
480 2688 594 2746 AD
627 2691 863 2749 tetanos
899 2682 1118 2748 tutalts
1154 2681 1384 2761 proprie
1425 2683 1687 2760 pertinet,
1718 2680 1961 2761 capitula
1999 2696 2310 2761 pastorum,
2338 2695 2396 2742 et
2426 2684 2871 2762 vice-pastorum
2905 2708 3048 2764 quo—

338 2780 526 2846 tannis,
556 2791 691 2838 ante
730 2788 1109 2858 pentecosten,
1138 2778 1264 2835 loco
1300 2786 1590 2843 consuet0,
1616 2795 1750 2834 cum
1788 2778 2111 2853 pastoribus
2147 2777 2613 2855 regiuncularum
2645 2798 2879 2836 suarum
2908 2782 3050 2838 cele-

338 2870 500 2938 brare,
520 2882 694 2947 atque
720 2872 785 2930 in
811 2871 929 2929 illis
956 2881 1087 2946 post
1111 2868 1359 2937 missam,
1382 2888 1484 2945 per
1511 2888 1607 2927 eos
1636 2869 1705 2925 de
1732 2868 1957 2945 Spiritu
1989 2871 2195 2929 Sancto
2225 2871 2596 2938 decantatam,
2616 2871 3049 2931 constitutiones

334 2964 676 3037 apostolicas,
717 2962 1109 3040 provincialia,
1146 2982 1212 3020 ac
1254 2961 1564 3037 synodalia,
1602 2972 1660 3018 et
1704 2961 1971 3039 deinceps
2015 2963 2134 3020 haec
2180 2974 2378 3021 nostra
2421 2962 2658 3031 decreta,
2692 2984 2758 3021 ac
2805 2975 3049 3035 statuta3

336 3056 634 3128 presertim
679 3051 815 3114 vero
862 3075 992 3131 quae
1038 3056 1436 3131 parochorum,
1474 3065 1533 3112 et
1583 3065 1912 3113 curatorum
1954 3054 2148 3122 vitam,
2188 3075 2390 3122 mores,
2425 3075 2490 3113 ac
2533 3075 2744 3113 munus
2788 3067 3049 3133 tangunt,

338 3147 645 3223 praelegere,
691 3159 793 3206 aut
848 3147 1212 3225 praelegenda
1269 3166 1483 3215 curare,
1526 3157 1583 3204 et
1638 3146 1955 3222 quemlibet
2012 3147 2084 3205 ad
2136 3166 2336 3205 eorum
2384 3147 2800 3205 observantiam
2853 3144 3052 3208 sedulo

337 3238 624 3308 adhortari,
651 3240 1080 3298 difficultatibus
1135 3251 1427 3317 pastorum
1473 3239 1570 3315 pia
1610 3238 2012 3306 consolatione,
2056 3249 2113 3295 et
2154 3239 2437 3313 adjutorio
2482 3239 2711 3306 mederi,
2739 3250 2796 3297 et
2824 3240 2872 3298 si
2909 3241 3050 3316 quid

337 3328 541 3389 dissidii
583 3332 736 3390 inter
771 3332 902 3391 illos
947 3343 1140 3390 ortum
1173 3331 1360 3398 fuerit,
1387 3327 1659 3389 benevole
1698 3331 1901 3406 sopire,
1927 3348 2144 3405 quosve
2181 3329 2406 3387 muneri
2446 3349 2552 3387 suo
2589 3330 2778 3388 deesse
2813 3350 3050 3408 cognos-

335 3434 476 3490 cunt,
494 3424 680 3492 nobis,
699 3423 1097 3483 archidiacono
1127 3423 1261 3490 loci,
1283 3432 1383 3480 aut
1409 3423 1697 3482 fiscalibus
1726 3423 1959 3489 deferre,
1979 3431 2046 3478 ut
2075 3440 2179 3497 pro
2207 3421 2422 3480 ratione
2450 3421 2700 3479 defectsss
2725 3432 3052 3498 opportuna

337 3511 391 3568 in
414 3515 771 3590 negligentes
798 3516 1047 3573 remedia
1072 3517 1464 3573 decernantur.

408 3624 467 3663 11.
509 3606 651 3665 Haee
685 3607 816 3682 ipsa
846 3626 1018 3683 porro
1056 3603 1299 3682 tupitula
1331 3605 1413 3664 sic
1443 3605 1836 3672 instituantur,
1860 3616 1928 3662 ut
1960 3623 2075 3662 non
2107 3605 2179 3663 ad
2216 3604 2700 3675 comessationem,
2728 3616 2787 3663 et
2820 3624 3048 3682 compo-

338 3695 613 3766 tationem,
655 3698 756 3756 sed
797 3700 869 3757 ad
913 3700 1273 3758 tractandum
1325 3699 1396 3756 de
1445 3699 1613 3756 rebus
1658 3695 2074 3764 ecclesiasticis,
2114 3695 2188 3753 ad
2233 3694 2624 3774 spiritualibus
2669 3696 2889 3756 indicta
2930 3717 3050 3756 esse

337 3802 621 3862 appareat:
663 3790 917 3867 prandia,
951 3791 1000 3848 si
1034 3811 1165 3867 quae
1202 3793 1361 3858 fiant,
1391 3809 1509 3848 uon
1551 3789 1612 3847 in
1651 3789 1917 3855 tabernis,
1949 3800 2052 3847 aut
2090 3787 2412 3847 diversoriis
2452 3789 2722 3865 publicis,
2758 3790 2856 3848 sed
2897 3791 3050 3867 apud

338 3876 437 3936 loci
471 3894 779 3959 pastorem,
810 3883 1045 3941 seclusis
1083 3884 1306 3950 exteris,
1341 3893 1398 3940 et
1441 3880 1829 3948 saecularibus,
1859 3879 2234 3938 instituantur
2271 3881 2522 3957 frugalia
2557 3894 2614 3940 et
2652 3883 2958 3951 moderata,
2985 3894 3053 3940 ut

340 3987 506 4045 neque
543 3976 794 4051 crapulae
836 3974 913 4032 sit
950 3977 1131 4043 locus,
1164 3994 1350 4050 neque
1392 3971 1691 4033 excessivis
1731 3971 2078 4048 sumptibus,
2110 3983 2213 4030 aut
2250 3974 2551 4033 scandalo:
2599 3976 2672 4033 ad
2710 3975 3050 4034 necessarias

339 4070 511 4120 autem
554 4062 925 4141 tupitulotum
969 4066 1296 4140 hujusmodi
1338 4086 1610 4144 expensas
1654 4074 1923 4140 pastores,
1962 4074 2021 4120 et
2059 4064 2462 4141 vice-pastores
2504 4068 2762 4125 absentes
2805 4065 3052 4140 (etiamsi

337 4152 576 4227 legitime
607 4157 824 4216 fuerint
859 4158 1140 4231 excusati)
1174 4154 1335 4235 teque
1365 4179 1430 4217 ac
1464 4168 1766 4235 praesentes
1802 4167 2164 4225 concurrant,
2191 4177 2257 4215 ac
2290 4158 2656 4217 contribuant
2685 4157 3052 4217 conformiter

342 4246 670 4308 ordinationi
696 4251 1125 4328 praedecessoris
1149 4251 1331 4309 nostri
1360 4251 1684 4309 Haammn
1713 4249 1822 4308 IV.
1853 4247 2278 4325 archiepiscopi.

418 4357 498 4397 m.
540 4342 682 4407 Quae
723 4343 792 4402 de
831 4344 979 4403 sacri
1006 4343 1344 4411 chrismatis,
1372 4354 1801 4417 ssnctorumque
1828 4341 2088 4400 oleorum
2114 4340 2522 4418 deportatione,
2548 4338 2966 4405 distributione,
2993 4348 3050 4395 et
