3882 5037
819 418 971 488 290
1601 407 2369 490 appensa—enuntiatum!
2396 409 2762 476 worumnus.
3270 415 3465 488 [Pin-r
3494 417 3542 472 1.

821 615 893 672 ad
924 635 1125 672 eorum
1162 615 1442 681 notitiam,
1468 633 1717 689 quorum
1758 611 2033 677 intererit,
2061 612 2357 669 deducant.
2440 612 2585 676 Quae
2610 611 2752 688 ipsis
2778 612 3100 687 superiores
3128 614 3543 683 mandaverint,

822 703 1011 763 debite
1052 717 1432 780 exequantur:
1472 726 1601 782 quae
1629 724 1764 764 vero
1805 704 1917 780 ipsi
1958 723 2080 770 suo,
2109 704 2198 761 vel
2241 703 2600 779 superiorum
2640 703 2870 761 nomine
2888 704 3183 777 jusserint,
3209 726 3284 762 an
3308 717 3366 763 et
3394 725 3538 780 quo-

824 798 992 855 modo
1017 798 1334 856 executioni
1364 799 1719 864 mandentur,
1747 816 1896 871 saepe
1922 795 2166 853 videant.

902 908 1006 946 vu.
1048 889 1261 956 Vitam,
1305 909 1506 957 mores,
1549 890 1822 956 habitum,
1864 889 2365 954 conversationem,
2397 889 2749 965 suspiciones
2798 889 3160 947 rationabiles
3206 890 3276 946 de
3319 890 3539 948 clericis

823 980 975 1037 intra
1036 982 1177 1038 fines
1230 1001 1362 1040 suos
1426 981 1764 1058 inspiciant;
1831 975 2334 1054 extrajudicialiter
2388 992 2745 1056 cognoscant,
2799 980 3099 1038 emendare
3165 981 3537 1039 contendant:

824 1073 1035 1146 majora
1074 1073 1145 1130 ad
1187 1083 1437 1130 nostram
1477 1073 1860 1149 cognitionem
1903 1073 2159 1130 referant.
2238 1072 2383 1137 Quae
2428 1083 2620 1130 autem
2666 1073 2728 1129 in
2777 1073 2881 1130 hoc
2929 1091 3136 1148 genere
3185 1072 3435 1138 fecerint,
3483 1085 3540 1130 et

823 1163 1091 1230 curarint,
1118 1185 1187 1222 ea
1210 1165 1422 1241 scripto
1449 1166 1946 1242 comprehendant,
1972 1174 2039 1220 ut
2067 1182 2171 1220 suo
2196 1173 2450 1238 tempore
2471 1164 2746 1222 rationem
2777 1163 3007 1221 reddere
3033 1163 3541 1222 administrationis

822 1274 939 1311 suae
965 1256 1201 1313 valeant.

901 1366 1032 1405 vm.
1074 1349 1223 1405 Cum
1263 1350 1471 1425 aliquis
1510 1370 1579 1408 ex
1607 1350 1819 1407 curatis
1847 1369 1967 1407 suae
1996 1348 2243 1425 regionis
2272 1358 2544 1424 aegrotare
2571 1348 2823 1424 ooeperit,
2850 1367 2983 1405 eum
3011 1347 3288 1405 invisant:
3330 1345 3380 1403 si
3408 1366 3537 1422 gra-

823 1434 948 1497 viils
988 1440 1267 1506 habuerit,
1296 1452 1494 1499 curent
1533 1438 1877 1518 diligentius,
1906 1452 1974 1498 ut
2013 1441 2328 1498 necessaria
2367 1451 2483 1498 tam
2524 1440 2859 1516 spiritualia,
2886 1460 3060 1515 quam
3093 1438 3426 1514 temporalia
3450 1438 3538 1495 illi

822 1532 1275 1607 suppeditentur.
1356 1533 1419 1590 Si
1473 1534 1694 1600 obierit,
1751 1554 1944 1591 rerum
1999 1534 2324 1591 relictarum
2368 1531 2755 1590 inventarium
2808 1531 3129 1598 conficiant,
3171 1541 3228 1587 et
3278 1530 3537 1589 omnium

821 1641 1174 1698 quaecunque
1203 1624 1263 1681 in
1292 1623 1411 1682 vita
1440 1625 1778 1699 possederat,
1806 1644 2003 1682 curam
2030 1625 2365 1700 diligentem
2391 1625 2646 1682 habeant.
2728 1624 2823 1680 Ne
2850 1634 3041 1680 autem
3064 1642 3200 1681 cura
3218 1623 3539 1680 animarum

822 1712 1226 1771 detrimentum
1256 1714 1524 1791 patiatur,
1550 1717 1829 1773 vicarium
1855 1715 2126 1774 idoneum
2155 1716 2371 1773 interea
2397 1715 2760 1782 substituant,
2788 1715 2889 1790 qui
2916 1714 3089 1774 etiam
3131 1724 3257 1790 post
3299 1725 3538 1771 mortem

821 1803 972 1862 vices
1012 1805 1263 1863 defuncti
1305 1817 1481 1882 gerat,
1519 1807 1695 1863 donec
1734 1808 1804 1864 de
1844 1808 1959 1866 alio
1999 1808 2294 1883 provisum
2334 1807 2520 1864 fuerit.
2601 1807 2836 1881 Semper
2873 1818 3064 1863 autem
3103 1806 3173 1863 de
3215 1805 3541 1871 substituto,

823 1895 1058 1969 ejusque
1097 1897 1471 1970 qualitatibus
1510 1896 1850 1955 informetur
1875 1898 2446 1974 vicarius-generalis.
2528 1898 2690 1954 Idem
2730 1899 2800 1955 de
2840 1898 2968 1955 aliis
3010 1897 3393 1956 sacerdotibus
3434 1915 3539 1954 suo

825 1986 993 2043 modo
1019 1987 1390 2063 intelligatur.

905 2094 981 2134 rx.
1022 2078 1237 2138 Nullos
1277 2081 1591 2139 sacerdotes
1631 2078 1837 2138 in'suo
1875 2080 2136 2138 districtu
2178 2080 2498 2138 ministrare
2541 2082 2884 2155 permittant,
2911 2080 3014 2156 qui
3056 2080 3195 2156 ipsis
3221 2102 3257 2138 a
3281 2079 3542 2156 parochis

826 2169 1151 2243 praesentati
1187 2190 1304 2228 non
1340 2171 1570 2238 fuerint,
1594 2185 1651 2229 et
1676 2172 1867 2229 literas
1894 2171 2250 2229 admissionis
2277 2192 2313 2228 a
2340 2171 2553 2229 vicario
2579 2184 2805 2243 nostro;
2847 2184 2905 2231 et
2930 2173 3103 2230 simul
3130 2171 3481 2229 dimissionis
3507 2192 3543 2228 a

826 2260 1084 2333 parocho,
1110 2272 1212 2318 aut
1253 2262 1535 2338 episcope,
1564 2283 1633 2320 ex
1674 2268 1837 2339 cujus
1873 2262 2102 2320 dioecesi
2137 2262 2531 2329 discesserunt,
2557 2283 2676 2321 non
2715 2265 3077 2321 ostenderint.
3157 2264 3214 2321 A
3246 2262 3542 2339 religiosis,

824 2369 968 2424 quas
995 2372 1031 2408 a
1056 2353 1443 2427 superioribus
1475 2354 1593 2411 suis
1623 2354 1938 2420 attulerint,
1965 2353 2144 2411 literae
2172 2354 2550 2428 requirantur.

909 2461 961 2500 x.
1005 2442 1263 2521 Singulis
1291 2445 1454 2502 annis
1485 2445 1665 2511 nobiS,
1698 2455 1798 2501 aut
1825 2445 2039 2503 vicario
2067 2455 2260 2501 nostro
2286 2445 2356 2502 de
2381 2443 2514 2509 illis,
2539 2462 2669 2518 quae
2697 2443 2757 2501 in
2786 2444 3060 2520 cujusque
3086 2447 3355 2503 betauattt
3384 2453 3540 2520 gesta

826 2545 977 2599 sunt,
1007 2536 1283 2593 rationem
1310 2537 1562 2603 reddant,
1590 2557 1723 2593 cum
1750 2532 2012 2594 videlicet
2037 2536 2109 2593 ad
2134 2536 2396 2612 generale
2422 2531 2725 2610 tupitulum
2752 2536 3129 2594 convenerint.

905 2644 983 2681 xx.
1027 2626 1353 2684 Sacerdotes
1396 2646 1609 2692 omnes,
1653 2627 1971 2702 reliquique
2013 2647 2084 2684 ex
2125 2627 2293 2693 clero,
2334 2624 2558 2688 betunia
2600 2628 2719 2685 suis
2760 2647 2977 2686 morem
3017 2638 3253 2704 gerant:
3296 2627 3367 2683 ad
3396 2623 3537 2702 tapi-

827 2711 1010 2772 tulum
1038 2716 1237 2782 vocati,
1262 2716 1629 2773 conveniant:
1671 2716 1719 2773 si
1754 2712 2008 2791 legitime
2048 2716 2447 2791 impediantur,
2488 2730 2845 2777 excusatores
2881 2721 3139 2778 mittant:
3181 2719 3538 2777 visitantibus

825 2803 1046 2868 uetanis
1082 2825 1313 2881 operam
1351 2826 1512 2863 suam
1555 2817 1851 2881 praestent:
1892 2808 1966 2863 ad
1995 2807 2344 2883 interrogata
2371 2809 2521 2867 bona
2548 2810 2658 2866 fide
2686 2811 3103 2886 respondeant3
3144 2804 3289 2867 alias
3317 2828 3537 2885 poenam

827 2896 1187 2954 arbitrariam
1239 2895 1545 2954 subibunt:
1607 2896 2007 2973 correptiones,
2056 2898 2489 2965 admonitiones,
2544 2912 2601 2959 et
2655 2904 2923 2960 mandata
2974 2921 3175 2959 eorum
3230 2897 3539 2959 reverenter

827 2987 1146 3062 excipiant:
1186 2989 1258 3046 ab
1293 2987 1511 3055 iisdem,
1540 2989 1629 3045 vel
1665 3008 1701 3045 a
1739 2988 2065 3045 camerariis
2103 2988 2303 3045 moniti
2332 3009 2408 3046 aes
2445 2991 2699 3049 alienum
2725 2991 3048 3050 dissolvant.
3135 2993 3537 3057 Inobedientae,

827 3079 877 3137 si
902 3078 1007 3153 qui
1036 3079 1264 3145 fuerint,
1294 3075 1547 3154 graviter
1572 3099 1609 3136 a
1633 3079 1798 3137 nobis
1826 3078 2155 3155 punientur.

910 3188 1012 3226 ιιι.
1054 3167 1322 3233 Batauus
1362 3170 1622 3246 quilibet,
1673 3165 1978 3245 antequam
2033 3171 2217 3228 officio
2269 3191 2373 3229 suo
2428 3172 2595 3249 fungi
2647 3174 2897 3248 coeperit,
2954 3174 3359 3249 professionem
3408 3173 3535 3233 fidei

830 3280 1024 3320 coram
1052 3263 1272 3320 notario
1299 3273 1358 3320 et
1383 3261 1638 3327 testibus,
1657 3262 1823 3334 juxta
1849 3259 2157 3318 formulam
2186 3260 2278 3318 Pii
2306 3262 2526 3328 Quarti,
2554 3263 2614 3320 in
2644 3265 2911 3322 manibus
2938 3265 3137 3323 vicarii
3166 3266 3347 3323 nostri
3366 3284 3532 3341 gene-

833 3354 968 3410 ralis
998 3353 1179 3411 faciat.
1264 3355 1342 3412 Et
1369 3348 1571 3412 deinde
1597 3352 1930 3410 fidelitatem
1960 3352 2234 3428 stipulata
2262 3371 2452 3419 manu,
2481 3365 2582 3409 aut
2601 3358 2926 3429 juramento
2953 3357 3262 3432 promittat.

2293 3443 2403 3499 CC.
2427 3445 2772 3510 Germanice,
2797 3447 2961 3503 Tom.
2978 3465 3105 3504 vm.
3134 3467 3188 3523 p.
3215 3448 3534 3504 559—563.
