<?xml version="1.0" encoding="UTF-8"?>
<!DOCTYPE html PUBLIC "-//W3C//DTD XHTML 1.0 Transitional//EN"
    "http://www.w3.org/TR/xhtml1/DTD/xhtml1-transitional.dtd">
<html xmlns="http://www.w3.org/1999/xhtml" xml:lang="en" lang="en">
 <head>
  <title>
</title>
<meta http-equiv="Content-Type" content="text/html;charset=utf-8" />
  <meta name='ocr-system' content='tesseract 3.04.00' />
  <meta name='ocr-capabilities' content='ocr_page ocr_carea ocr_par ocr_line ocrx_word'/>
</head>
<body>
  <div class='ocr_page' id='page_1' title='image "./horaedecanicaer03dansgoog_0292.png"; bbox 0 0 3882 5037; ppageno 0'>
   <div class='ocr_carea' id='block_1_1' title="bbox 866 470 3574 558">
    <p class='ocr_par' dir='ltr' id='par_1_1' title="bbox 866 470 3574 558">
     <span class='ocr_line' id='line_1_1' title="bbox 866 470 3574 558; baseline -0.006 -11"><span class='ocrx_word' id='word_1_1' title='bbox 866 485 1019 557; x_wconf 76' lang='lat'><strong>276</strong></span> <span class='ocrx_word' id='word_1_2' title='bbox 1643 470 2412 558; x_wconf 45' lang='lat' dir='ltr'><strong>appensa—econamum</strong></span> <span class='ocrx_word' id='word_1_3' title='bbox 2442 473 2812 539; x_wconf 54' lang='lat' dir='ltr'><strong>worumnus.</strong></span> <span class='ocrx_word' id='word_1_4' title='bbox 3325 483 3505 556; x_wconf 63' lang='lat' dir='ltr'><strong>[Pnu-</strong></span> <span class='ocrx_word' id='word_1_5' title='bbox 3529 485 3574 543; x_wconf 73' lang='lat'><strong>1,</strong></span> 
     </span>
    </p>
   </div>
   <div class='ocr_carea' id='block_1_2' title="bbox 860 678 3584 4329">
    <p class='ocr_par' dir='ltr' id='par_1_2' title="bbox 868 678 3578 836">
     <span class='ocr_line' id='line_1_2' title="bbox 868 678 3578 762; baseline -0.001 -18"><span class='ocrx_word' id='word_1_6' title='bbox 868 686 1194 757; x_wconf 82' lang='lat' dir='ltr'><strong>instruant3</strong></span> <span class='ocrx_word' id='word_1_7' title='bbox 1235 687 1283 745; x_wconf 90' lang='lat' dir='ltr'><strong>si</strong></span> <span class='ocrx_word' id='word_1_8' title='bbox 1331 705 1535 762; x_wconf 89' lang='lat' dir='ltr'><strong>pueros</strong></span> <span class='ocrx_word' id='word_1_9' title='bbox 1576 684 1810 742; x_wconf 90' lang='lat' dir='ltr'><strong>modum</strong></span> <span class='ocrx_word' id='word_1_10' title='bbox 1850 683 2091 741; x_wconf 79' lang='lat' dir='ltr'><strong>doceant</strong></span> <span class='ocrx_word' id='word_1_11' title='bbox 2135 680 2206 739; x_wconf 89' lang='lat' dir='ltr'><strong>ad</strong></span> <span class='ocrx_word' id='word_1_12' title='bbox 2251 678 2681 738; x_wconf 82' lang='lat' dir='ltr'><strong>inserviendum</strong></span> <span class='ocrx_word' id='word_1_13' title='bbox 2732 679 3006 738; x_wconf 86' lang='lat' dir='ltr'><strong>sacerdoti</strong></span> <span class='ocrx_word' id='word_1_14' title='bbox 3045 680 3388 750; x_wconf 82' lang='lat' dir='ltr'><strong>celebranti3</strong></span> <span class='ocrx_word' id='word_1_15' title='bbox 3438 703 3578 758; x_wconf 89' lang='lat' dir='ltr'><strong>quos</strong></span> 
     </span>
     <span class='ocr_line' id='line_1_3' title="bbox 869 775 2120 836; baseline -0.002 -2"><span class='ocrx_word' id='word_1_16' title='bbox 869 777 1047 835; x_wconf 89' lang='lat' dir='ltr'><strong>libros</strong></span> <span class='ocrx_word' id='word_1_17' title='bbox 1074 778 1146 835; x_wconf 90' lang='lat' dir='ltr'><strong>ab</strong></span> <span class='ocrx_word' id='word_1_18' title='bbox 1177 778 1293 836; x_wconf 89' lang='lat' dir='ltr'><strong>illis</strong></span> <span class='ocrx_word' id='word_1_19' title='bbox 1319 777 1618 836; x_wconf 89' lang='lat' dir='ltr'><strong>discendos</strong></span> <span class='ocrx_word' id='word_1_20' title='bbox 1646 775 2120 835; x_wconf 76' lang='lat' dir='ltr'><strong>subministrent?</strong></span> 
     </span>
    </p>

    <p class='ocr_par' dir='ltr' id='par_1_3' title="bbox 871 863 3581 1311">
     <span class='ocr_line' id='line_1_4' title="bbox 950 863 3580 948; baseline -0 -21"><span class='ocrx_word' id='word_1_21' title='bbox 950 869 1115 927; x_wconf 89' lang='lat' dir='ltr'><strong>Circa</strong></span> <span class='ocrx_word' id='word_1_22' title='bbox 1141 873 1442 948; x_wconf 75' lang='lat' dir='ltr'><strong>mayistros</strong></span> <span class='ocrx_word' id='word_1_23' title='bbox 1453 866 1711 945; x_wconf 83' lang='lat' dir='ltr'><strong>fabricae</strong></span> <span class='ocrx_word' id='word_1_24' title='bbox 1739 873 1791 925; x_wconf 79' lang='lat' dir='ltr'><strong>et</strong></span> <span class='ocrx_word' id='word_1_25' title='bbox 1819 887 2030 926; x_wconf 74' lang='lat' dir='ltr'><strong>memte</strong></span> <span class='ocrx_word' id='word_1_26' title='bbox 2052 886 2407 944; x_wconf 79' lang='lat' dir='ltr'><strong>pauperum,</strong></span> <span class='ocrx_word' id='word_1_27' title='bbox 2433 865 2741 942; x_wconf 84' lang='lat' dir='ltr'><strong>inquirant,</strong></span> <span class='ocrx_word' id='word_1_28' title='bbox 2769 863 2819 923; x_wconf 92' lang='lat' dir='ltr'><strong>si</strong></span> <span class='ocrx_word' id='word_1_29' title='bbox 2859 863 2996 923; x_wconf 92' lang='lat' dir='ltr'><strong>boni</strong></span> <span class='ocrx_word' id='word_1_30' title='bbox 3038 864 3152 923; x_wconf 91' lang='lat' dir='ltr'><strong>sint</strong></span> <span class='ocrx_word' id='word_1_31' title='bbox 3190 878 3247 926; x_wconf 88' lang='lat' dir='ltr'><strong>et</strong></span> <span class='ocrx_word' id='word_1_32' title='bbox 3289 868 3482 926; x_wconf 82' lang='lat' dir='ltr'><strong>fideles</strong></span> <span class='ocrx_word' id='word_1_33' title='bbox 3520 868 3580 926; x_wconf 92' lang='lat' dir='ltr'><strong>in</strong></span> 
     </span>
     <span class='ocr_line' id='line_1_5' title="bbox 871 957 3579 1038; baseline -0.001 -20"><span class='ocrx_word' id='word_1_34' title='bbox 871 964 975 1018; x_wconf 69' lang='lat' dir='ltr'><strong>sust</strong></span> <span class='ocrx_word' id='word_1_35' title='bbox 1005 962 1526 1028; x_wconf 87' lang='lat' dir='ltr'><strong>administratione;</strong></span> <span class='ocrx_word' id='word_1_36' title='bbox 1578 960 1625 1018; x_wconf 95' lang='lat' dir='ltr'><strong>si</strong></span> <span class='ocrx_word' id='word_1_37' title='bbox 1669 959 1780 1038; x_wconf 88' lang='lat' dir='ltr'><strong>piis</strong></span> <span class='ocrx_word' id='word_1_38' title='bbox 1821 959 2271 1024; x_wconf 87' lang='lat' dir='ltr'><strong>fundationibus,</strong></span> <span class='ocrx_word' id='word_1_39' title='bbox 2299 978 2607 1034; x_wconf 87' lang='lat' dir='ltr'><strong>earumque</strong></span> <span class='ocrx_word' id='word_1_40' title='bbox 2635 957 2904 1016; x_wconf 91' lang='lat' dir='ltr'><strong>oneribus</strong></span> <span class='ocrx_word' id='word_1_41' title='bbox 2931 958 3122 1032; x_wconf 90' lang='lat' dir='ltr'><strong>quoad</strong></span> <span class='ocrx_word' id='word_1_42' title='bbox 3148 960 3340 1017; x_wconf 85' lang='lat' dir='ltr'><strong>omnia</strong></span> <span class='ocrx_word' id='word_1_43' title='bbox 3368 960 3579 1018; x_wconf 88' lang='lat' dir='ltr'><strong>satisfa-</strong></span> 
     </span>
     <span class='ocr_line' id='line_1_6' title="bbox 871 1045 3580 1129; baseline 0 -20"><span class='ocrx_word' id='word_1_44' title='bbox 871 1053 1041 1119; x_wconf 83' lang='lat' dir='ltr'><strong>ciant,</strong></span> <span class='ocrx_word' id='word_1_45' title='bbox 1069 1065 1125 1113; x_wconf 92' lang='lat' dir='ltr'><strong>et</strong></span> <span class='ocrx_word' id='word_1_46' title='bbox 1166 1053 1425 1112; x_wconf 82' lang='lat' dir='ltr'><strong>satisfieri</strong></span> <span class='ocrx_word' id='word_1_47' title='bbox 1465 1063 1805 1129; x_wconf 86' lang='lat' dir='ltr'><strong>procurent;</strong></span> <span class='ocrx_word' id='word_1_48' title='bbox 1861 1052 1910 1109; x_wconf 88' lang='lat' dir='ltr'><strong>si</strong></span> <span class='ocrx_word' id='word_1_49' title='bbox 1949 1045 2199 1107; x_wconf 67' lang='lat' dir='ltr'><strong>studiose</strong></span> <span class='ocrx_word' id='word_1_50' title='bbox 2240 1050 2553 1115; x_wconf 84' lang='lat' dir='ltr'><strong>observent,</strong></span> <span class='ocrx_word' id='word_1_51' title='bbox 2591 1069 2721 1124; x_wconf 83' lang='lat' dir='ltr'><strong>quae</strong></span> <span class='ocrx_word' id='word_1_52' title='bbox 2760 1069 2864 1127; x_wconf 88' lang='lat' dir='ltr'><strong>per</strong></span> <span class='ocrx_word' id='word_1_53' title='bbox 2907 1058 3119 1107; x_wconf 85' lang='lat' dir='ltr'><strong>statuta</strong></span> <span class='ocrx_word' id='word_1_54' title='bbox 3165 1062 3224 1109; x_wconf 91' lang='lat' dir='ltr'><strong>et</strong></span> <span class='ocrx_word' id='word_1_55' title='bbox 3266 1053 3580 1129; x_wconf 85' lang='lat' dir='ltr'><strong>principum</strong></span> 
     </span>
     <span class='ocr_line' id='line_1_7' title="bbox 871 1139 3581 1221; baseline 0 -21"><span class='ocrx_word' id='word_1_56' title='bbox 871 1143 1057 1202; x_wconf 88' lang='lat' dir='ltr'><strong>edicta</strong></span> <span class='ocrx_word' id='word_1_57' title='bbox 1081 1166 1185 1221; x_wconf 91' lang='lat' dir='ltr'><strong>pro</strong></span> <span class='ocrx_word' id='word_1_58' title='bbox 1212 1145 1556 1203; x_wconf 87' lang='lat' dir='ltr'><strong>fabricarum</strong></span> <span class='ocrx_word' id='word_1_59' title='bbox 1583 1153 1640 1201; x_wconf 90' lang='lat' dir='ltr'><strong>et</strong></span> <span class='ocrx_word' id='word_1_60' title='bbox 1668 1162 1992 1201; x_wconf 89' lang='lat' dir='ltr'><strong>mensarum</strong></span> <span class='ocrx_word' id='word_1_61' title='bbox 2022 1158 2339 1218; x_wconf 88' lang='lat' dir='ltr'><strong>pauperum</strong></span> <span class='ocrx_word' id='word_1_62' title='bbox 2369 1139 2736 1198; x_wconf 83' lang='lat' dir='ltr'><strong>indemnitate</strong></span> <span class='ocrx_word' id='word_1_63' title='bbox 2764 1139 2991 1207; x_wconf 88' lang='lat' dir='ltr'><strong>nedum,</strong></span> <span class='ocrx_word' id='word_1_64' title='bbox 3014 1141 3112 1199; x_wconf 90' lang='lat' dir='ltr'><strong>sed</strong></span> <span class='ocrx_word' id='word_1_65' title='bbox 3130 1154 3188 1200; x_wconf 92' lang='lat' dir='ltr'><strong>et</strong></span> <span class='ocrx_word' id='word_1_66' title='bbox 3202 1160 3306 1218; x_wconf 89' lang='lat' dir='ltr'><strong>pro</strong></span> <span class='ocrx_word' id='word_1_67' title='bbox 3334 1143 3581 1221; x_wconf 88' lang='lat' dir='ltr'><strong>ipsarum</strong></span> 
     </span>
     <span class='ocr_line' id='line_1_8' title="bbox 872 1232 3189 1311; baseline -0.002 -19"><span class='ocrx_word' id='word_1_68' title='bbox 872 1235 1108 1311; x_wconf 59' lang='lat' dir='ltr'><strong>provida</strong></span> <span class='ocrx_word' id='word_1_69' title='bbox 1137 1247 1193 1294; x_wconf 87' lang='lat' dir='ltr'><strong>et</strong></span> <span class='ocrx_word' id='word_1_70' title='bbox 1222 1236 1439 1294; x_wconf 89' lang='lat' dir='ltr'><strong>utiliori</strong></span> <span class='ocrx_word' id='word_1_71' title='bbox 1466 1234 1959 1294; x_wconf 80' lang='lat' dir='ltr'><strong>administratione</strong></span> <span class='ocrx_word' id='word_1_72' title='bbox 1986 1232 2124 1310; x_wconf 91' lang='lat' dir='ltr'><strong>ipsis</strong></span> <span class='ocrx_word' id='word_1_73' title='bbox 2153 1232 2578 1309; x_wconf 82' lang='lat' dir='ltr'><strong>injunguntur?</strong></span> <span class='ocrx_word' id='word_1_74' title='bbox 3186 1301 3189 1304; x_wconf 16' lang='grc' dir='ltr'><strong>Δ</strong></span> 
     </span>
    </p>

    <p class='ocr_par' dir='ltr' id='par_1_4' title="bbox 871 1323 3582 1676">
     <span class='ocr_line' id='line_1_9' title="bbox 953 1323 3582 1404; baseline 0.001 -20"><span class='ocrx_word' id='word_1_75' title='bbox 953 1327 1215 1386; x_wconf 88' lang='lat' dir='ltr'><strong>Pastores</strong></span> <span class='ocrx_word' id='word_1_76' title='bbox 1262 1348 1490 1404; x_wconf 88' lang='lat' dir='ltr'><strong>quoque</strong></span> <span class='ocrx_word' id='word_1_77' title='bbox 1538 1339 1895 1392; x_wconf 89' lang='lat' dir='ltr'><strong>moneantur,</strong></span> <span class='ocrx_word' id='word_1_78' title='bbox 1944 1338 2011 1383; x_wconf 87' lang='lat' dir='ltr'><strong>ut</strong></span> <span class='ocrx_word' id='word_1_79' title='bbox 2062 1325 2110 1382; x_wconf 92' lang='lat' dir='ltr'><strong>si</strong></span> <span class='ocrx_word' id='word_1_80' title='bbox 2162 1344 2307 1399; x_wconf 87' lang='lat' dir='ltr'><strong>quas</strong></span> <span class='ocrx_word' id='word_1_81' title='bbox 2350 1323 2717 1382; x_wconf 87' lang='lat' dir='ltr'><strong>difficultates</strong></span> <span class='ocrx_word' id='word_1_82' title='bbox 2760 1323 3060 1399; x_wconf 84' lang='lat' dir='ltr'><strong>praesciant</strong></span> <span class='ocrx_word' id='word_1_83' title='bbox 3103 1326 3193 1383; x_wconf 87' lang='lat' dir='ltr'><strong>vel</strong></span> <span class='ocrx_word' id='word_1_84' title='bbox 3242 1327 3582 1403; x_wconf 81' lang='lat' dir='ltr'><strong>praevideant</strong></span> 
     </span>
     <span class='ocr_line' id='line_1_10' title="bbox 873 1415 3581 1497; baseline 0.001 -21"><span class='ocrx_word' id='word_1_85' title='bbox 873 1420 1179 1477; x_wconf 84' lang='lat' dir='ltr'><strong>movendas</strong></span> <span class='ocrx_word' id='word_1_86' title='bbox 1219 1421 1371 1477; x_wconf 85' lang='lat' dir='ltr'><strong>circa</strong></span> <span class='ocrx_word' id='word_1_87' title='bbox 1412 1431 1715 1497; x_wconf 90' lang='lat' dir='ltr'><strong>computus</strong></span> <span class='ocrx_word' id='word_1_88' title='bbox 1765 1419 1990 1478; x_wconf 83' lang='lat' dir='ltr'><strong>fabricae</strong></span> <span class='ocrx_word' id='word_1_89' title='bbox 2030 1429 2130 1475; x_wconf 88' lang='lat' dir='ltr'><strong>aut</strong></span> <span class='ocrx_word' id='word_1_90' title='bbox 2172 1436 2380 1475; x_wconf 81' lang='lat' dir='ltr'><strong>mensae</strong></span> <span class='ocrx_word' id='word_1_91' title='bbox 2418 1434 2751 1492; x_wconf 87' lang='lat' dir='ltr'><strong>pauperum,</strong></span> <span class='ocrx_word' id='word_1_92' title='bbox 2793 1415 3007 1491; x_wconf 89' lang='lat' dir='ltr'><strong>quibus</strong></span> <span class='ocrx_word' id='word_1_93' title='bbox 3044 1419 3280 1480; x_wconf 63' lang='lat' dir='ltr'><strong>betanus</strong></span> <span class='ocrx_word' id='word_1_94' title='bbox 3321 1419 3581 1480; x_wconf 87' lang='lat' dir='ltr'><strong>interesse</strong></span> 
     </span>
     <span class='ocr_line' id='line_1_11' title="bbox 871 1502 3582 1589; baseline 0.001 -21"><span class='ocrx_word' id='word_1_95' title='bbox 871 1511 1205 1587; x_wconf 81' lang='lat' dir='ltr'><strong>oportuerit,</strong></span> <span class='ocrx_word' id='word_1_96' title='bbox 1233 1512 1363 1570; x_wconf 86' lang='lat' dir='ltr'><strong>illos</strong></span> <span class='ocrx_word' id='word_1_97' title='bbox 1390 1511 1635 1588; x_wconf 85' lang='lat' dir='ltr'><strong>desuper</strong></span> <span class='ocrx_word' id='word_1_98' title='bbox 1662 1507 1988 1589; x_wconf 70' lang='lat' dir='ltr'><strong>tempestive</strong></span> <span class='ocrx_word' id='word_1_99' title='bbox 2018 1509 2365 1586; x_wconf 84' lang='lat' dir='ltr'><strong>praeveniant</strong></span> <span class='ocrx_word' id='word_1_100' title='bbox 2392 1519 2448 1566; x_wconf 89' lang='lat' dir='ltr'><strong>et</strong></span> <span class='ocrx_word' id='word_1_101' title='bbox 2474 1508 2799 1576; x_wconf 80' lang='lat' dir='ltr'><strong>informent,</strong></span> <span class='ocrx_word' id='word_1_102' title='bbox 2828 1502 3121 1583; x_wconf 65' lang='lat' dir='ltr'><strong>quatenus,</strong></span> <span class='ocrx_word' id='word_1_103' title='bbox 3149 1508 3197 1567; x_wconf 93' lang='lat' dir='ltr'><strong>si</strong></span> <span class='ocrx_word' id='word_1_104' title='bbox 3226 1530 3371 1587; x_wconf 87' lang='lat' dir='ltr'><strong>opus</strong></span> <span class='ocrx_word' id='word_1_105' title='bbox 3396 1512 3582 1581; x_wconf 87' lang='lat' dir='ltr'><strong>fuerit,</strong></span> 
     </span>
     <span class='ocr_line' id='line_1_12' title="bbox 873 1601 2881 1676; baseline -0.001 -17"><span class='ocrx_word' id='word_1_106' title='bbox 873 1602 1178 1660; x_wconf 89' lang='lat' dir='ltr'><strong>consilium</strong></span> <span class='ocrx_word' id='word_1_107' title='bbox 1207 1623 1242 1659; x_wconf 90' lang='lat' dir='ltr'><strong>a</strong></span> <span class='ocrx_word' id='word_1_108' title='bbox 1269 1601 1450 1669; x_wconf 88' lang='lat' dir='ltr'><strong>nobis,</strong></span> <span class='ocrx_word' id='word_1_109' title='bbox 1476 1615 1578 1660; x_wconf 88' lang='lat' dir='ltr'><strong>aut</strong></span> <span class='ocrx_word' id='word_1_110' title='bbox 1608 1604 1934 1662; x_wconf 86' lang='lat' dir='ltr'><strong>ulteriorem</strong></span> <span class='ocrx_word' id='word_1_111' title='bbox 1965 1601 2399 1660; x_wconf 82' lang='lat' dir='ltr'><strong>instructionem</strong></span> <span class='ocrx_word' id='word_1_112' title='bbox 2426 1613 2613 1676; x_wconf 87' lang='lat' dir='ltr'><strong>petere</strong></span> <span class='ocrx_word' id='word_1_113' title='bbox 2642 1602 2881 1658; x_wconf 84' lang='lat' dir='ltr'><strong>valeant.</strong></span> 
     </span>
    </p>

    <p class='ocr_par' dir='ltr' id='par_1_5' title="bbox 870 1692 3583 2046">
     <span class='ocr_line' id='line_1_13' title="bbox 953 1692 3579 1772; baseline 0.002 -18"><span class='ocrx_word' id='word_1_114' title='bbox 953 1696 1219 1771; x_wconf 89' lang='lat' dir='ltr'><strong>Denique</strong></span> <span class='ocrx_word' id='word_1_115' title='bbox 1262 1694 1412 1753; x_wconf 91' lang='lat' dir='ltr'><strong>circa</strong></span> <span class='ocrx_word' id='word_1_116' title='bbox 1461 1697 1842 1763; x_wconf 67' lang='lat' dir='ltr'><strong>stationarios,</strong></span> <span class='ocrx_word' id='word_1_117' title='bbox 1869 1696 1974 1772; x_wconf 91' lang='lat' dir='ltr'><strong>qui</strong></span> <span class='ocrx_word' id='word_1_118' title='bbox 2018 1695 2185 1753; x_wconf 86' lang='lat' dir='ltr'><strong>certis</strong></span> <span class='ocrx_word' id='word_1_119' title='bbox 2230 1693 2579 1769; x_wconf 86' lang='lat' dir='ltr'><strong>temporibus</strong></span> <span class='ocrx_word' id='word_1_120' title='bbox 2617 1694 2688 1751; x_wconf 88' lang='lat' dir='ltr'><strong>ad</strong></span> <span class='ocrx_word' id='word_1_121' title='bbox 2729 1692 3153 1769; x_wconf 87' lang='lat' dir='ltr'><strong>praedicandum</strong></span> <span class='ocrx_word' id='word_1_122' title='bbox 3186 1697 3428 1758; x_wconf 80' lang='lat' dir='ltr'><strong>verbum</strong></span> <span class='ocrx_word' id='word_1_123' title='bbox 3457 1699 3579 1765; x_wconf 91' lang='lat' dir='ltr'><strong>Dei,</strong></span> 
     </span>
     <span class='ocr_line' id='line_1_14' title="bbox 872 1785 3583 1863; baseline 0.001 -20"><span class='ocrx_word' id='word_1_124' title='bbox 872 1798 972 1844; x_wconf 91' lang='lat' dir='ltr'><strong>aut</strong></span> <span class='ocrx_word' id='word_1_125' title='bbox 1016 1787 1273 1845; x_wconf 85' lang='lat' dir='ltr'><strong>fidelium</strong></span> <span class='ocrx_word' id='word_1_126' title='bbox 1323 1786 1703 1847; x_wconf 86' lang='lat' dir='ltr'><strong>confessiones</strong></span> <span class='ocrx_word' id='word_1_127' title='bbox 1750 1788 2059 1847; x_wconf 89' lang='lat' dir='ltr'><strong>audiendas</strong></span> <span class='ocrx_word' id='word_1_128' title='bbox 2102 1786 2174 1844; x_wconf 89' lang='lat' dir='ltr'><strong>ad</strong></span> <span class='ocrx_word' id='word_1_129' title='bbox 2217 1785 2570 1863; x_wconf 82' lang='lat' dir='ltr'><strong>parochiales</strong></span> <span class='ocrx_word' id='word_1_130' title='bbox 2608 1785 2888 1852; x_wconf 86' lang='lat' dir='ltr'><strong>ecclesias,</strong></span> <span class='ocrx_word' id='word_1_131' title='bbox 2918 1786 3041 1843; x_wconf 90' lang='lat' dir='ltr'><strong>ruri</strong></span> <span class='ocrx_word' id='word_1_132' title='bbox 3077 1787 3400 1863; x_wconf 82' lang='lat' dir='ltr'><strong>praesertim,</strong></span> <span class='ocrx_word' id='word_1_133' title='bbox 3437 1792 3583 1850; x_wconf 86' lang='lat' dir='ltr'><strong>mitti</strong></span> 
     </span>
     <span class='ocr_line' id='line_1_15' title="bbox 871 1875 3581 1957; baseline 0.003 -22"><span class='ocrx_word' id='word_1_134' title='bbox 871 1880 1068 1946; x_wconf 89' lang='lat' dir='ltr'><strong>solent,</strong></span> <span class='ocrx_word' id='word_1_135' title='bbox 1097 1878 1394 1954; x_wconf 87' lang='lat' dir='ltr'><strong>inquirant</strong></span> <span class='ocrx_word' id='word_1_136' title='bbox 1425 1877 1614 1939; x_wconf 64' lang='lat' dir='ltr'><strong>uetant</strong></span> <span class='ocrx_word' id='word_1_137' title='bbox 1643 1875 1681 1937; x_wconf 73' lang='grc' dir='ltr'><strong>ὲ</strong></span> <span class='ocrx_word' id='word_1_138' title='bbox 1702 1881 2024 1957; x_wconf 86' lang='lat' dir='ltr'><strong>pastoribus</strong></span> <span class='ocrx_word' id='word_1_139' title='bbox 2052 1889 2110 1937; x_wconf 89' lang='lat' dir='ltr'><strong>et</strong></span> <span class='ocrx_word' id='word_1_140' title='bbox 2136 1878 2381 1942; x_wconf 82' lang='lat' dir='ltr'><strong>vicariis,</strong></span> <span class='ocrx_word' id='word_1_141' title='bbox 2409 1877 2480 1935; x_wconf 93' lang='lat' dir='ltr'><strong>de</strong></span> <span class='ocrx_word' id='word_1_142' title='bbox 2510 1898 2707 1936; x_wconf 87' lang='lat' dir='ltr'><strong>eorum</strong></span> <span class='ocrx_word' id='word_1_143' title='bbox 2736 1877 2852 1934; x_wconf 65' lang='lat' dir='ltr'><strong>vita</strong></span> <span class='ocrx_word' id='word_1_144' title='bbox 2886 1889 2944 1934; x_wconf 91' lang='lat' dir='ltr'><strong>et</strong></span> <span class='ocrx_word' id='word_1_145' title='bbox 2975 1879 3262 1948; x_wconf 86' lang='lat' dir='ltr'><strong>moribus;</strong></span> <span class='ocrx_word' id='word_1_146' title='bbox 3301 1903 3372 1941; x_wconf 90' lang='lat' dir='ltr'><strong>ac</strong></span> <span class='ocrx_word' id='word_1_147' title='bbox 3402 1885 3581 1951; x_wconf 85' lang='lat' dir='ltr'><strong>etiam,</strong></span> 
     </span>
     <span class='ocr_line' id='line_1_16' title="bbox 870 1970 2754 2046; baseline -0.002 -17"><span class='ocrx_word' id='word_1_148' title='bbox 870 1992 990 2046; x_wconf 94' lang='lat' dir='ltr'><strong>quo</strong></span> <span class='ocrx_word' id='word_1_149' title='bbox 1016 1975 1143 2031; x_wconf 90' lang='lat' dir='ltr'><strong>zelo</strong></span> <span class='ocrx_word' id='word_1_150' title='bbox 1169 1983 1225 2031; x_wconf 89' lang='lat' dir='ltr'><strong>et</strong></span> <span class='ocrx_word' id='word_1_151' title='bbox 1251 1972 1446 2029; x_wconf 90' lang='lat' dir='ltr'><strong>fructu</strong></span> <span class='ocrx_word' id='word_1_152' title='bbox 1472 1971 1533 2029; x_wconf 93' lang='lat' dir='ltr'><strong>in</strong></span> <span class='ocrx_word' id='word_1_153' title='bbox 1563 1973 1736 2030; x_wconf 88' lang='lat' dir='ltr'><strong>sacris</strong></span> <span class='ocrx_word' id='word_1_154' title='bbox 1765 1972 1880 2031; x_wconf 90' lang='lat' dir='ltr'><strong>illis</strong></span> <span class='ocrx_word' id='word_1_155' title='bbox 1907 1970 2238 2030; x_wconf 88' lang='lat' dir='ltr'><strong>ministeriis</strong></span> <span class='ocrx_word' id='word_1_156' title='bbox 2267 1991 2384 2028; x_wconf 89' lang='lat' dir='ltr'><strong>sese</strong></span> <span class='ocrx_word' id='word_1_157' title='bbox 2411 1970 2754 2028; x_wconf 79' lang='lat' dir='ltr'><strong>exerceant?</strong></span> 
     </span>
    </p>

    <p class='ocr_par' dir='ltr' id='par_1_6' title="bbox 865 2061 3584 3242">
     <span class='ocr_line' id='line_1_17' title="bbox 952 2061 3584 2142; baseline 0.001 -20"><span class='ocrx_word' id='word_1_158' title='bbox 952 2084 1053 2123; x_wconf 86' lang='lat' dir='ltr'><strong>vu.</strong></span> <span class='ocrx_word' id='word_1_159' title='bbox 1095 2065 1171 2123; x_wconf 89' lang='lat' dir='ltr'><strong>Et</strong></span> <span class='ocrx_word' id='word_1_160' title='bbox 1226 2064 1365 2139; x_wconf 91' lang='lat' dir='ltr'><strong>quia</strong></span> <span class='ocrx_word' id='word_1_161' title='bbox 1418 2085 1565 2142; x_wconf 83' lang='lat' dir='ltr'><strong>saepe</strong></span> <span class='ocrx_word' id='word_1_162' title='bbox 1622 2063 1923 2140; x_wconf 80' lang='lat' dir='ltr'><strong>contingit,</strong></span> <span class='ocrx_word' id='word_1_163' title='bbox 1967 2063 2334 2123; x_wconf 90' lang='lat' dir='ltr'><strong>ecclesiarum</strong></span> <span class='ocrx_word' id='word_1_164' title='bbox 2391 2073 2448 2120; x_wconf 91' lang='lat' dir='ltr'><strong>et</strong></span> <span class='ocrx_word' id='word_1_165' title='bbox 2500 2064 2723 2139; x_wconf 86' lang='lat' dir='ltr'><strong>piarum</strong></span> <span class='ocrx_word' id='word_1_166' title='bbox 2777 2061 3176 2120; x_wconf 86' lang='lat' dir='ltr'><strong>fundationum</strong></span> <span class='ocrx_word' id='word_1_167' title='bbox 3231 2065 3584 2125; x_wconf 86' lang='lat' dir='ltr'><strong>munimenta</strong></span> 
     </span>
     <span class='ocr_line' id='line_1_18' title="bbox 871 2154 3583 2234; baseline 0.001 -21"><span class='ocrx_word' id='word_1_168' title='bbox 871 2156 1117 2234; x_wconf 89' lang='lat' dir='ltr'><strong>deperdi,</strong></span> <span class='ocrx_word' id='word_1_169' title='bbox 1146 2168 1246 2214; x_wconf 86' lang='lat' dir='ltr'><strong>aut</strong></span> <span class='ocrx_word' id='word_1_170' title='bbox 1293 2177 1329 2213; x_wconf 91' lang='lat' dir='ltr'><strong>a</strong></span> <span class='ocrx_word' id='word_1_171' title='bbox 1369 2156 1767 2215; x_wconf 87' lang='lat' dir='ltr'><strong>defunctorum</strong></span> <span class='ocrx_word' id='word_1_172' title='bbox 1817 2166 2105 2234; x_wconf 83' lang='lat' dir='ltr'><strong>pastorum</strong></span> <span class='ocrx_word' id='word_1_173' title='bbox 2140 2154 2461 2212; x_wconf 83' lang='lat' dir='ltr'><strong>haeredibus</strong></span> <span class='ocrx_word' id='word_1_174' title='bbox 2503 2154 2730 2221; x_wconf 87' lang='lat' dir='ltr'><strong>auferri,</strong></span> <span class='ocrx_word' id='word_1_175' title='bbox 2769 2174 2885 2212; x_wconf 93' lang='lat' dir='ltr'><strong>non</strong></span> <span class='ocrx_word' id='word_1_176' title='bbox 2935 2154 3057 2213; x_wconf 90' lang='lat' dir='ltr'><strong>sine</strong></span> <span class='ocrx_word' id='word_1_177' title='bbox 3106 2175 3313 2232; x_wconf 85' lang='lat' dir='ltr'><strong>mag-no</strong></span> <span class='ocrx_word' id='word_1_178' title='bbox 3359 2158 3583 2216; x_wconf 87' lang='lat' dir='ltr'><strong>illarum</strong></span> 
     </span>
     <span class='ocr_line' id='line_1_19' title="bbox 872 2242 3582 2326; baseline -0 -19"><span class='ocrx_word' id='word_1_179' title='bbox 872 2249 1240 2326; x_wconf 74' lang='lat' dir='ltr'><strong>praejudicim</strong></span> <span class='ocrx_word' id='word_1_180' title='bbox 1299 2269 1414 2307; x_wconf 92' lang='lat' dir='ltr'><strong>non</strong></span> <span class='ocrx_word' id='word_1_181' title='bbox 1457 2244 1640 2307; x_wconf 65' lang='lat' dir='ltr'><strong>solnm</strong></span> <span class='ocrx_word' id='word_1_182' title='bbox 1685 2248 2023 2307; x_wconf 86' lang='lat' dir='ltr'><strong>mandamus</strong></span> <span class='ocrx_word' id='word_1_183' title='bbox 2062 2247 2401 2325; x_wconf 83' lang='lat' dir='ltr'><strong>pastoribus,</strong></span> <span class='ocrx_word' id='word_1_184' title='bbox 2431 2258 2496 2304; x_wconf 90' lang='lat' dir='ltr'><strong>ut</strong></span> <span class='ocrx_word' id='word_1_185' title='bbox 2532 2247 2591 2305; x_wconf 92' lang='lat' dir='ltr'><strong>in</strong></span> <span class='ocrx_word' id='word_1_186' title='bbox 2629 2247 2749 2304; x_wconf 90' lang='lat' dir='ltr'><strong>illis</strong></span> <span class='ocrx_word' id='word_1_187' title='bbox 2774 2242 3021 2304; x_wconf 69' lang='lat' dir='ltr'><strong>fideliter</strong></span> <span class='ocrx_word' id='word_1_188' title='bbox 3046 2242 3385 2322; x_wconf 67' lang='lat' dir='ltr'><strong>integreque</strong></span> <span class='ocrx_word' id='word_1_189' title='bbox 3412 2270 3582 2308; x_wconf 86' lang='lat' dir='ltr'><strong>asser-</strong></span> 
     </span>
     <span class='ocr_line' id='line_1_20' title="bbox 874 2337 3584 2417; baseline 0 -17"><span class='ocrx_word' id='word_1_190' title='bbox 874 2341 1079 2400; x_wconf 85' lang='lat' dir='ltr'><strong>vandis</strong></span> <span class='ocrx_word' id='word_1_191' title='bbox 1107 2342 1221 2399; x_wconf 89' lang='lat' dir='ltr'><strong>sint</strong></span> <span class='ocrx_word' id='word_1_192' title='bbox 1248 2341 1478 2399; x_wconf 90' lang='lat' dir='ltr'><strong>solliciti</strong></span> <span class='ocrx_word' id='word_1_193' title='bbox 1509 2342 1605 2413; x_wconf 88' lang='lat' dir='ltr'><strong>(de</strong></span> <span class='ocrx_word' id='word_1_194' title='bbox 1633 2361 1752 2417; x_wconf 91' lang='lat' dir='ltr'><strong>quo</strong></span> <span class='ocrx_word' id='word_1_195' title='bbox 1780 2341 1951 2400; x_wconf 88' lang='lat' dir='ltr'><strong>etiam</strong></span> <span class='ocrx_word' id='word_1_196' title='bbox 1990 2359 2093 2416; x_wconf 89' lang='lat' dir='ltr'><strong>per</strong></span> <span class='ocrx_word' id='word_1_197' title='bbox 2129 2341 2360 2402; x_wconf 62' lang='lat' dir='ltr'><strong>betanus</strong></span> <span class='ocrx_word' id='word_1_198' title='bbox 2388 2340 2449 2397; x_wconf 90' lang='lat' dir='ltr'><strong>in</strong></span> <span class='ocrx_word' id='word_1_199' title='bbox 2480 2339 2596 2396; x_wconf 90' lang='lat' dir='ltr'><strong>suis</strong></span> <span class='ocrx_word' id='word_1_200' title='bbox 2624 2337 3043 2405; x_wconf 81' lang='lat' dir='ltr'><strong>visitationibus</strong></span> <span class='ocrx_word' id='word_1_201' title='bbox 3070 2358 3166 2397; x_wconf 91' lang='lat' dir='ltr'><strong>eos</strong></span> <span class='ocrx_word' id='word_1_202' title='bbox 3195 2340 3347 2398; x_wconf 88' lang='lat' dir='ltr'><strong>serio</strong></span> <span class='ocrx_word' id='word_1_203' title='bbox 3374 2342 3584 2401; x_wconf 89' lang='lat' dir='ltr'><strong>moneri</strong></span> 
     </span>
     <span class='ocr_line' id='line_1_21' title="bbox 871 2428 3582 2511; baseline -0.001 -18"><span class='ocrx_word' id='word_1_204' title='bbox 871 2435 1158 2505; x_wconf 85' lang='lat' dir='ltr'><strong>volumus)</strong></span> <span class='ocrx_word' id='word_1_205' title='bbox 1201 2434 1299 2492; x_wconf 86' lang='lat' dir='ltr'><strong>sed</strong></span> <span class='ocrx_word' id='word_1_206' title='bbox 1343 2428 1578 2510; x_wconf 69' lang='lat' dir='ltr'><strong>insuper</strong></span> <span class='ocrx_word' id='word_1_207' title='bbox 1619 2435 1994 2511; x_wconf 76' lang='lat' dir='ltr'><strong>injungimuS,</strong></span> <span class='ocrx_word' id='word_1_208' title='bbox 2026 2444 2088 2490; x_wconf 88' lang='lat' dir='ltr'><strong>ut</strong></span> <span class='ocrx_word' id='word_1_209' title='bbox 2132 2429 2337 2499; x_wconf 61' lang='lat' dir='ltr'><strong>uetant,</strong></span> <span class='ocrx_word' id='word_1_210' title='bbox 2382 2443 2609 2490; x_wconf 88' lang='lat' dir='ltr'><strong>mortuo</strong></span> <span class='ocrx_word' id='word_1_211' title='bbox 2651 2431 2849 2506; x_wconf 89' lang='lat' dir='ltr'><strong>aliquo</strong></span> <span class='ocrx_word' id='word_1_212' title='bbox 2886 2441 3108 2508; x_wconf 87' lang='lat' dir='ltr'><strong>pastore</strong></span> <span class='ocrx_word' id='word_1_213' title='bbox 3144 2431 3237 2489; x_wconf 90' lang='lat' dir='ltr'><strong>sui</strong></span> <span class='ocrx_word' id='word_1_214' title='bbox 3276 2432 3582 2500; x_wconf 65' lang='lat' dir='ltr'><strong>districtus,</strong></span> 
     </span>
     <span class='ocr_line' id='line_1_22' title="bbox 869 2524 3582 2604; baseline 0.001 -21"><span class='ocrx_word' id='word_1_215' title='bbox 869 2526 1090 2584; x_wconf 84' lang='lat' dir='ltr'><strong>etiamsi</strong></span> <span class='ocrx_word' id='word_1_216' title='bbox 1136 2528 1421 2604; x_wconf 85' lang='lat' dir='ltr'><strong>regularis</strong></span> <span class='ocrx_word' id='word_1_217' title='bbox 1464 2526 1654 2592; x_wconf 78' lang='lat' dir='ltr'><strong>fuerit,</strong></span> <span class='ocrx_word' id='word_1_218' title='bbox 1684 2528 1875 2586; x_wconf 90' lang='lat' dir='ltr'><strong>statim</strong></span> <span class='ocrx_word' id='word_1_219' title='bbox 1918 2525 2111 2584; x_wconf 87' lang='lat' dir='ltr'><strong>omnia</strong></span> <span class='ocrx_word' id='word_1_220' title='bbox 2148 2526 2502 2584; x_wconf 90' lang='lat' dir='ltr'><strong>munimenta</strong></span> <span class='ocrx_word' id='word_1_221' title='bbox 2542 2524 2772 2581; x_wconf 80' lang='lat' dir='ltr'><strong>fabricae</strong></span> <span class='ocrx_word' id='word_1_222' title='bbox 2803 2525 2895 2582; x_wconf 88' lang='lat' dir='ltr'><strong>vel</strong></span> <span class='ocrx_word' id='word_1_223' title='bbox 2936 2545 3142 2582; x_wconf 83' lang='lat' dir='ltr'><strong>mensae</strong></span> <span class='ocrx_word' id='word_1_224' title='bbox 3181 2544 3510 2604; x_wconf 87' lang='lat' dir='ltr'><strong>pauperum,</strong></span> <span class='ocrx_word' id='word_1_225' title='bbox 3536 2529 3582 2586; x_wconf 87' lang='lat' dir='ltr'><strong>si</strong></span> 
     </span>
     <span class='ocr_line' id='line_1_23' title="bbox 868 2616 3581 2699; baseline 0.002 -24"><span class='ocrx_word' id='word_1_226' title='bbox 868 2638 1000 2692; x_wconf 84' lang='lat' dir='ltr'><strong>quae</strong></span> <span class='ocrx_word' id='word_1_227' title='bbox 1028 2619 1275 2685; x_wconf 84' lang='lat' dir='ltr'><strong>fuerint;</strong></span> <span class='ocrx_word' id='word_1_228' title='bbox 1315 2620 1449 2678; x_wconf 90' lang='lat' dir='ltr'><strong>item</strong></span> <span class='ocrx_word' id='word_1_229' title='bbox 1482 2640 1611 2695; x_wconf 83' lang='lat' dir='ltr'><strong>quae</strong></span> <span class='ocrx_word' id='word_1_230' title='bbox 1645 2619 1718 2676; x_wconf 90' lang='lat' dir='ltr'><strong>ad</strong></span> <span class='ocrx_word' id='word_1_231' title='bbox 1748 2629 2112 2694; x_wconf 89' lang='lat' dir='ltr'><strong>pastoratum,</strong></span> <span class='ocrx_word' id='word_1_232' title='bbox 2140 2630 2242 2675; x_wconf 85' lang='lat' dir='ltr'><strong>aut</strong></span> <span class='ocrx_word' id='word_1_233' title='bbox 2270 2618 2628 2676; x_wconf 80' lang='lat' dir='ltr'><strong>fundationes</strong></span> <span class='ocrx_word' id='word_1_234' title='bbox 2655 2617 2778 2694; x_wconf 88' lang='lat' dir='ltr'><strong>pias</strong></span> <span class='ocrx_word' id='word_1_235' title='bbox 2808 2616 3345 2694; x_wconf 79' lang='lat' dir='ltr'><strong>quomodocumque</strong></span> <span class='ocrx_word' id='word_1_236' title='bbox 3375 2633 3581 2699; x_wconf 85' lang='lat' dir='ltr'><strong>specta-</strong></span> 
     </span>
     <span class='ocr_line' id='line_1_24' title="bbox 870 2705 3581 2788; baseline 0.002 -22"><span class='ocrx_word' id='word_1_237' title='bbox 870 2709 1032 2775; x_wconf 89' lang='lat' dir='ltr'><strong>bunt,</strong></span> <span class='ocrx_word' id='word_1_238' title='bbox 1070 2730 1135 2767; x_wconf 83' lang='lat' dir='ltr'><strong>ac</strong></span> <span class='ocrx_word' id='word_1_239' title='bbox 1179 2705 1468 2788; x_wconf 84' lang='lat' dir='ltr'><strong>speciatim</strong></span> <span class='ocrx_word' id='word_1_240' title='bbox 1504 2711 1781 2767; x_wconf 75' lang='lat' dir='ltr'><strong>manuale</strong></span> <span class='ocrx_word' id='word_1_241' title='bbox 1824 2709 2098 2776; x_wconf 80' lang='lat' dir='ltr'><strong>defuncti,</strong></span> <span class='ocrx_word' id='word_1_242' title='bbox 2126 2710 2187 2767; x_wconf 90' lang='lat' dir='ltr'><strong>in</strong></span> <span class='ocrx_word' id='word_1_243' title='bbox 2224 2729 2342 2786; x_wconf 92' lang='lat' dir='ltr'><strong>quo</strong></span> <span class='ocrx_word' id='word_1_244' title='bbox 2385 2710 2675 2767; x_wconf 88' lang='lat' dir='ltr'><strong>redituum</strong></span> <span class='ocrx_word' id='word_1_245' title='bbox 2723 2730 2758 2767; x_wconf 88' lang='lat' dir='ltr'><strong>a</strong></span> <span class='ocrx_word' id='word_1_246' title='bbox 2802 2729 2861 2767; x_wconf 90' lang='lat' dir='ltr'><strong>se</strong></span> <span class='ocrx_word' id='word_1_247' title='bbox 2902 2722 3299 2787; x_wconf 86' lang='lat' dir='ltr'><strong>perceptorum</strong></span> <span class='ocrx_word' id='word_1_248' title='bbox 3343 2715 3581 2771; x_wconf 85' lang='lat' dir='ltr'><strong>rationes</strong></span> 
     </span>
     <span class='ocr_line' id='line_1_25' title="bbox 866 2800 3583 2873; baseline 0.002 -17"><span class='ocrx_word' id='word_1_249' title='bbox 866 2800 1238 2868; x_wconf 86' lang='lat' dir='ltr'><strong>describebat,</strong></span> <span class='ocrx_word' id='word_1_250' title='bbox 1265 2802 1375 2859; x_wconf 89' lang='lat' dir='ltr'><strong>sub</strong></span> <span class='ocrx_word' id='word_1_251' title='bbox 1418 2801 1738 2859; x_wconf 90' lang='lat' dir='ltr'><strong>inventario</strong></span> <span class='ocrx_word' id='word_1_252' title='bbox 1778 2819 1974 2858; x_wconf 88' lang='lat' dir='ltr'><strong>secum</strong></span> <span class='ocrx_word' id='word_1_253' title='bbox 2017 2800 2289 2868; x_wconf 87' lang='lat' dir='ltr'><strong>deferant,</strong></span> <span class='ocrx_word' id='word_1_254' title='bbox 2333 2802 2665 2867; x_wconf 88' lang='lat' dir='ltr'><strong>successori,</strong></span> <span class='ocrx_word' id='word_1_255' title='bbox 2709 2802 2845 2859; x_wconf 90' lang='lat' dir='ltr'><strong>dum</strong></span> <span class='ocrx_word' id='word_1_256' title='bbox 2902 2802 3077 2860; x_wconf 90' lang='lat' dir='ltr'><strong>fuerit</strong></span> <span class='ocrx_word' id='word_1_257' title='bbox 3126 2803 3444 2873; x_wconf 90' lang='lat' dir='ltr'><strong>institutus,</strong></span> <span class='ocrx_word' id='word_1_258' title='bbox 3479 2806 3583 2862; x_wconf 86' lang='lat' dir='ltr'><strong>sub</strong></span> 
     </span>
     <span class='ocr_line' id='line_1_26' title="bbox 867 2890 3581 2971; baseline 0.002 -24"><span class='ocrx_word' id='word_1_259' title='bbox 867 2891 1223 2951; x_wconf 86' lang='lat' dir='ltr'><strong>attestatione</strong></span> <span class='ocrx_word' id='word_1_260' title='bbox 1251 2891 1320 2949; x_wconf 89' lang='lat' dir='ltr'><strong>de</strong></span> <span class='ocrx_word' id='word_1_261' title='bbox 1351 2891 1605 2966; x_wconf 74' lang='lat' dir='ltr'><strong>receptiS,</strong></span> <span class='ocrx_word' id='word_1_262' title='bbox 1623 2890 1909 2948; x_wconf 62' lang='lat' dir='ltr'><strong>tradenda.</strong></span> <span class='ocrx_word' id='word_1_263' title='bbox 1991 2891 2163 2957; x_wconf 85' lang='lat' dir='ltr'><strong>Quod</strong></span> <span class='ocrx_word' id='word_1_264' title='bbox 2191 2890 2242 2949; x_wconf 90' lang='lat' dir='ltr'><strong>si</strong></span> <span class='ocrx_word' id='word_1_265' title='bbox 2271 2892 2537 2960; x_wconf 64' lang='lat' dir='ltr'><strong>haeredes,</strong></span> <span class='ocrx_word' id='word_1_266' title='bbox 2568 2906 2669 2951; x_wconf 85' lang='lat' dir='ltr'><strong>aut</strong></span> <span class='ocrx_word' id='word_1_267' title='bbox 2693 2894 2884 2971; x_wconf 83' lang='lat' dir='ltr'><strong>quivis</strong></span> <span class='ocrx_word' id='word_1_268' title='bbox 2910 2895 3011 2952; x_wconf 91' lang='lat' dir='ltr'><strong>alii</strong></span> <span class='ocrx_word' id='word_1_269' title='bbox 3039 2895 3372 2969; x_wconf 89' lang='lat' dir='ltr'><strong>hujusmodi</strong></span> <span class='ocrx_word' id='word_1_270' title='bbox 3400 2897 3581 2954; x_wconf 90' lang='lat' dir='ltr'><strong>muni-</strong></span> 
     </span>
     <span class='ocr_line' id='line_1_27' title="bbox 867 2979 3584 3059; baseline 0.002 -19"><span class='ocrx_word' id='word_1_271' title='bbox 867 2995 1059 3041; x_wconf 91' lang='lat' dir='ltr'><strong>menta</strong></span> <span class='ocrx_word' id='word_1_272' title='bbox 1102 2984 1519 3058; x_wconf 86' lang='lat' dir='ltr'><strong>requisiverint,</strong></span> <span class='ocrx_word' id='word_1_273' title='bbox 1558 2983 1711 3059; x_wconf 92' lang='lat' dir='ltr'><strong>quod</strong></span> <span class='ocrx_word' id='word_1_274' title='bbox 1755 2983 1826 3041; x_wconf 91' lang='lat' dir='ltr'><strong>iis</strong></span> <span class='ocrx_word' id='word_1_275' title='bbox 1873 2979 2018 3040; x_wconf 68' lang='lat' dir='ltr'><strong>forte</strong></span> <span class='ocrx_word' id='word_1_276' title='bbox 2062 2984 2134 3040; x_wconf 87' lang='lat' dir='ltr'><strong>ad</strong></span> <span class='ocrx_word' id='word_1_277' title='bbox 2176 2984 2570 3043; x_wconf 88' lang='lat' dir='ltr'><strong>executionem</strong></span> <span class='ocrx_word' id='word_1_278' title='bbox 2616 2988 2953 3054; x_wconf 88' lang='lat' dir='ltr'><strong>testamenti,</strong></span> <span class='ocrx_word' id='word_1_279' title='bbox 2988 2998 3090 3044; x_wconf 88' lang='lat' dir='ltr'><strong>aut</strong></span> <span class='ocrx_word' id='word_1_280' title='bbox 3132 2983 3302 3046; x_wconf 67' lang='lat' dir='ltr'><strong>aliter</strong></span> <span class='ocrx_word' id='word_1_281' title='bbox 3346 3010 3407 3048; x_wconf 90' lang='lat' dir='ltr'><strong>re</strong></span> <span class='ocrx_word' id='word_1_282' title='bbox 3451 2992 3584 3047; x_wconf 71' lang='lat' dir='ltr'><strong>vera</strong></span> 
     </span>
     <span class='ocr_line' id='line_1_28' title="bbox 866 3074 3580 3158; baseline 0.003 -25"><span class='ocrx_word' id='word_1_283' title='bbox 866 3074 1198 3153; x_wconf 82' lang='lat' dir='ltr'><strong>indigeant;</strong></span> <span class='ocrx_word' id='word_1_284' title='bbox 1238 3075 1457 3135; x_wconf 90' lang='lat' dir='ltr'><strong>dabunt</strong></span> <span class='ocrx_word' id='word_1_285' title='bbox 1481 3085 1820 3141; x_wconf 87' lang='lat' dir='ltr'><strong>extractum,</strong></span> <span class='ocrx_word' id='word_1_286' title='bbox 1849 3093 1953 3131; x_wconf 86' lang='lat' dir='ltr'><strong>seu</strong></span> <span class='ocrx_word' id='word_1_287' title='bbox 1980 3076 2204 3152; x_wconf 90' lang='lat' dir='ltr'><strong>copiam</strong></span> <span class='ocrx_word' id='word_1_288' title='bbox 2233 3076 2398 3135; x_wconf 89' lang='lat' dir='ltr'><strong>istius</strong></span> <span class='ocrx_word' id='word_1_289' title='bbox 2425 3076 2770 3146; x_wconf 88' lang='lat' dir='ltr'><strong>documenti,</strong></span> <span class='ocrx_word' id='word_1_290' title='bbox 2798 3099 2916 3155; x_wconf 92' lang='lat' dir='ltr'><strong>quo</strong></span> <span class='ocrx_word' id='word_1_291' title='bbox 2945 3100 3004 3138; x_wconf 87' lang='lat' dir='ltr'><strong>se</strong></span> <span class='ocrx_word' id='word_1_292' title='bbox 3032 3079 3288 3158; x_wconf 84' lang='lat' dir='ltr'><strong>indigere</strong></span> <span class='ocrx_word' id='word_1_293' title='bbox 3314 3091 3580 3148; x_wconf 85' lang='lat' dir='ltr'><strong>asserent,</strong></span> 
     </span>
     <span class='ocr_line' id='line_1_29' title="bbox 865 3163 1529 3242; baseline 0.005 -17"><span class='ocrx_word' id='word_1_294' title='bbox 865 3177 923 3225; x_wconf 89' lang='lat' dir='ltr'><strong>et</strong></span> <span class='ocrx_word' id='word_1_295' title='bbox 952 3167 1097 3224; x_wconf 88' lang='lat' dir='ltr'><strong>nihil</strong></span> <span class='ocrx_word' id='word_1_296' title='bbox 1125 3163 1294 3226; x_wconf 68' lang='lat' dir='ltr'><strong>ultra.</strong></span> <span class='ocrx_word' id='word_1_297' title='bbox 1527 3240 1529 3242; x_wconf 26' lang='grc'>,</span> 
     </span>
    </p>

    <p class='ocr_par' dir='ltr' id='par_1_7' title="bbox 860 3260 3582 4329">
     <span class='ocr_line' id='line_1_30' title="bbox 949 3260 3580 3345; baseline 0.003 -28"><span class='ocrx_word' id='word_1_298' title='bbox 949 3279 1079 3318; x_wconf 86' lang='lat' dir='ltr'><strong>vm.</strong></span> <span class='ocrx_word' id='word_1_299' title='bbox 1121 3262 1269 3319; x_wconf 91' lang='lat' dir='ltr'><strong>Cum</strong></span> <span class='ocrx_word' id='word_1_300' title='bbox 1298 3262 1549 3320; x_wconf 91' lang='lat' dir='ltr'><strong>multum</strong></span> <span class='ocrx_word' id='word_1_301' title='bbox 1580 3260 1799 3330; x_wconf 85' lang='lat' dir='ltr'><strong>referat,</strong></span> <span class='ocrx_word' id='word_1_302' title='bbox 1824 3272 1891 3320; x_wconf 89' lang='lat' dir='ltr'><strong>ut</strong></span> <span class='ocrx_word' id='word_1_303' title='bbox 1919 3261 2212 3325; x_wconf 77' lang='lat' dir='ltr'><strong>sodalitia,</strong></span> <span class='ocrx_word' id='word_1_304' title='bbox 2241 3281 2346 3319; x_wconf 86' lang='lat' dir='ltr'><strong>seu</strong></span> <span class='ocrx_word' id='word_1_305' title='bbox 2375 3261 2484 3338; x_wconf 79' lang='lat' dir='ltr'><strong>piae</strong></span> <span class='ocrx_word' id='word_1_306' title='bbox 2511 3262 3002 3323; x_wconf 89' lang='lat' dir='ltr'><strong>confraternitates</strong></span> <span class='ocrx_word' id='word_1_307' title='bbox 3042 3265 3102 3323; x_wconf 90' lang='lat' dir='ltr'><strong>in</strong></span> <span class='ocrx_word' id='word_1_308' title='bbox 3141 3268 3394 3327; x_wconf 88' lang='lat' dir='ltr'><strong>ecclesiis</strong></span> <span class='ocrx_word' id='word_1_309' title='bbox 3423 3285 3580 3345; x_wconf 88' lang='lat' dir='ltr'><strong>paro-</strong></span> 
     </span>
     <span class='ocr_line' id='line_1_31' title="bbox 866 3346 3580 3432; baseline 0.002 -22"><span class='ocrx_word' id='word_1_310' title='bbox 866 3354 1145 3412; x_wconf 84' lang='lat' dir='ltr'><strong>chialibus</strong></span> <span class='ocrx_word' id='word_1_311' title='bbox 1186 3351 1455 3413; x_wconf 68' lang='lat' dir='ltr'><strong>canonice</strong></span> <span class='ocrx_word' id='word_1_312' title='bbox 1499 3366 1718 3421; x_wconf 86' lang='lat' dir='ltr'><strong>erectae,</strong></span> <span class='ocrx_word' id='word_1_313' title='bbox 1750 3352 1809 3412; x_wconf 91' lang='lat' dir='ltr'><strong>in</strong></span> <span class='ocrx_word' id='word_1_314' title='bbox 1845 3354 2040 3431; x_wconf 80' lang='lat' dir='ltr'><strong>vigore</strong></span> <span class='ocrx_word' id='word_1_315' title='bbox 2084 3367 2465 3431; x_wconf 88' lang='lat' dir='ltr'><strong>permaneant,</strong></span> <span class='ocrx_word' id='word_1_316' title='bbox 2493 3366 2665 3432; x_wconf 91' lang='lat' dir='ltr'><strong>atque</strong></span> <span class='ocrx_word' id='word_1_317' title='bbox 2691 3357 2752 3415; x_wconf 93' lang='lat' dir='ltr'><strong>in</strong></span> <span class='ocrx_word' id='word_1_318' title='bbox 2779 3377 2907 3415; x_wconf 88' lang='lat' dir='ltr'><strong>eum</strong></span> <span class='ocrx_word' id='word_1_319' title='bbox 2931 3346 3106 3415; x_wconf 84' lang='lat' dir='ltr'><strong>finem</strong></span> <span class='ocrx_word' id='word_1_320' title='bbox 3133 3358 3308 3416; x_wconf 81' lang='lat' dir='ltr'><strong>bullae</strong></span> <span class='ocrx_word' id='word_1_321' title='bbox 3335 3360 3580 3423; x_wconf 80' lang='lat' dir='ltr'><strong>illarum,</strong></span> 
     </span>
     <span class='ocr_line' id='line_1_32' title="bbox 866 3442 3582 3527; baseline 0.001 -25"><span class='ocrx_word' id='word_1_322' title='bbox 866 3446 1222 3503; x_wconf 90' lang='lat' dir='ltr'><strong>munimenta</strong></span> <span class='ocrx_word' id='word_1_323' title='bbox 1256 3457 1313 3504; x_wconf 89' lang='lat' dir='ltr'><strong>et</strong></span> <span class='ocrx_word' id='word_1_324' title='bbox 1356 3445 1659 3524; x_wconf 82' lang='lat' dir='ltr'><strong>privilegia</strong></span> <span class='ocrx_word' id='word_1_325' title='bbox 1695 3442 1936 3504; x_wconf 68' lang='lat' dir='ltr'><strong>sollicite</strong></span> <span class='ocrx_word' id='word_1_326' title='bbox 1980 3460 2420 3516; x_wconf 80' lang='lat' dir='ltr'><strong>conserventur3</strong></span> <span class='ocrx_word' id='word_1_327' title='bbox 2474 3448 2833 3526; x_wconf 87' lang='lat' dir='ltr'><strong>injungimus</strong></span> <span class='ocrx_word' id='word_1_328' title='bbox 2856 3447 3096 3516; x_wconf 60' lang='lat' dir='ltr'><strong>uetanis,</strong></span> <span class='ocrx_word' id='word_1_329' title='bbox 3126 3461 3194 3506; x_wconf 93' lang='lat' dir='ltr'><strong>ut</strong></span> <span class='ocrx_word' id='word_1_330' title='bbox 3231 3450 3291 3508; x_wconf 91' lang='lat' dir='ltr'><strong>in</strong></span> <span class='ocrx_word' id='word_1_331' title='bbox 3326 3449 3582 3527; x_wconf 72' lang='lat' dir='ltr'><strong>proxima</strong></span> 
     </span>
     <span class='ocr_line' id='line_1_33' title="bbox 865 3537 3579 3618; baseline 0.003 -27"><span class='ocrx_word' id='word_1_332' title='bbox 865 3538 971 3592; x_wconf 62' lang='lat' dir='ltr'><strong>sust</strong></span> <span class='ocrx_word' id='word_1_333' title='bbox 1002 3537 1322 3595; x_wconf 84' lang='lat' dir='ltr'><strong>visitatione</strong></span> <span class='ocrx_word' id='word_1_334' title='bbox 1350 3548 1405 3595; x_wconf 91' lang='lat' dir='ltr'><strong>et</strong></span> <span class='ocrx_word' id='word_1_335' title='bbox 1433 3539 1697 3614; x_wconf 89' lang='lat' dir='ltr'><strong>deinceps</strong></span> <span class='ocrx_word' id='word_1_336' title='bbox 1726 3539 1953 3614; x_wconf 87' lang='lat' dir='ltr'><strong>saepius,</strong></span> <span class='ocrx_word' id='word_1_337' title='bbox 1988 3540 2035 3595; x_wconf 93' lang='lat' dir='ltr'><strong>l.</strong></span> <span class='ocrx_word' id='word_1_338' title='bbox 2057 3539 2363 3614; x_wconf 89' lang='lat' dir='ltr'><strong>Inquirant</strong></span> <span class='ocrx_word' id='word_1_339' title='bbox 2399 3539 2458 3597; x_wconf 91' lang='lat' dir='ltr'><strong>in</strong></span> <span class='ocrx_word' id='word_1_340' title='bbox 2487 3539 2733 3616; x_wconf 85' lang='lat' dir='ltr'><strong>singulis</strong></span> <span class='ocrx_word' id='word_1_341' title='bbox 2760 3542 3059 3617; x_wconf 86' lang='lat' dir='ltr'><strong>parochiis,</strong></span> <span class='ocrx_word' id='word_1_342' title='bbox 3085 3562 3176 3608; x_wconf 91' lang='lat' dir='ltr'><strong>an,</strong></span> <span class='ocrx_word' id='word_1_343' title='bbox 3206 3552 3264 3600; x_wconf 92' lang='lat' dir='ltr'><strong>et</strong></span> <span class='ocrx_word' id='word_1_344' title='bbox 3295 3563 3426 3618; x_wconf 81' lang='lat' dir='ltr'><strong>quae</strong></span> <span class='ocrx_word' id='word_1_345' title='bbox 3454 3562 3579 3601; x_wconf 89' lang='lat' dir='ltr'><strong>con-</strong></span> 
     </span>
     <span class='ocr_line' id='line_1_34' title="bbox 865 3626 3578 3712; baseline 0.004 -31"><span class='ocrx_word' id='word_1_346' title='bbox 865 3626 1240 3687; x_wconf 83' lang='lat' dir='ltr'><strong>fraternitates</strong></span> <span class='ocrx_word' id='word_1_347' title='bbox 1268 3629 1328 3686; x_wconf 93' lang='lat' dir='ltr'><strong>in</strong></span> <span class='ocrx_word' id='word_1_348' title='bbox 1357 3650 1553 3687; x_wconf 88' lang='lat' dir='ltr'><strong>earum</strong></span> <span class='ocrx_word' id='word_1_349' title='bbox 1581 3631 1831 3690; x_wconf 83' lang='lat' dir='ltr'><strong>ecclesiis</strong></span> <span class='ocrx_word' id='word_1_350' title='bbox 1858 3631 1975 3689; x_wconf 88' lang='lat' dir='ltr'><strong>sint</strong></span> <span class='ocrx_word' id='word_1_351' title='bbox 2000 3643 2215 3690; x_wconf 85' lang='lat' dir='ltr'><strong>erectae.</strong></span> <span class='ocrx_word' id='word_1_352' title='bbox 2299 3635 2350 3688; x_wconf 83' lang='lat'><strong>2.</strong></span> <span class='ocrx_word' id='word_1_353' title='bbox 2381 3632 2466 3689; x_wconf 89' lang='lat' dir='ltr'><strong>Ut</strong></span> <span class='ocrx_word' id='word_1_354' title='bbox 2492 3632 2683 3690; x_wconf 85' lang='lat' dir='ltr'><strong>bullas</strong></span> <span class='ocrx_word' id='word_1_355' title='bbox 2710 3654 2906 3692; x_wconf 87' lang='lat' dir='ltr'><strong>earum</strong></span> <span class='ocrx_word' id='word_1_356' title='bbox 2953 3644 3010 3693; x_wconf 90' lang='lat' dir='ltr'><strong>et</strong></span> <span class='ocrx_word' id='word_1_357' title='bbox 3053 3635 3415 3694; x_wconf 88' lang='lat' dir='ltr'><strong>munimenta</strong></span> <span class='ocrx_word' id='word_1_358' title='bbox 3454 3654 3578 3712; x_wconf 87' lang='lat' dir='ltr'><strong>pro·</strong></span> 
     </span>
     <span class='ocr_line' id='line_1_35' title="bbox 862 3718 3579 3801; baseline 0.003 -27"><span class='ocrx_word' id='word_1_359' title='bbox 862 3718 998 3775; x_wconf 88' lang='lat' dir='ltr'><strong>duci</strong></span> <span class='ocrx_word' id='word_1_360' title='bbox 1042 3718 1270 3786; x_wconf 83' lang='lat' dir='ltr'><strong>faciant,</strong></span> <span class='ocrx_word' id='word_1_361' title='bbox 1314 3741 1384 3778; x_wconf 86' lang='lat' dir='ltr'><strong>ex</strong></span> <span class='ocrx_word' id='word_1_362' title='bbox 1424 3722 1636 3795; x_wconf 87' lang='lat' dir='ltr'><strong>quibus</strong></span> <span class='ocrx_word' id='word_1_363' title='bbox 1683 3723 2047 3799; x_wconf 83' lang='lat' dir='ltr'><strong>perspiciant,</strong></span> <span class='ocrx_word' id='word_1_364' title='bbox 2076 3742 2190 3780; x_wconf 92' lang='lat' dir='ltr'><strong>non</strong></span> <span class='ocrx_word' id='word_1_365' title='bbox 2230 3718 2444 3781; x_wconf 65' lang='lat' dir='ltr'><strong>tantum</strong></span> <span class='ocrx_word' id='word_1_366' title='bbox 2485 3746 2560 3782; x_wconf 92' lang='lat' dir='ltr'><strong>an</strong></span> <span class='ocrx_word' id='word_1_367' title='bbox 2599 3721 2881 3793; x_wconf 68' lang='lat' dir='ltr'><strong>canonice,</strong></span> <span class='ocrx_word' id='word_1_368' title='bbox 2913 3728 3262 3801; x_wconf 86' lang='lat' dir='ltr'><strong>servatisque</strong></span> <span class='ocrx_word' id='word_1_369' title='bbox 3290 3726 3579 3785; x_wconf 81' lang='lat' dir='ltr'><strong>servandis</strong></span> 
     </span>
     <span class='ocr_line' id='line_1_36' title="bbox 862 3809 3580 3894; baseline 0.004 -30"><span class='ocrx_word' id='word_1_370' title='bbox 862 3820 1058 3867; x_wconf 74' lang='lat' dir='ltr'><strong>erectae</strong></span> <span class='ocrx_word' id='word_1_371' title='bbox 1084 3809 1363 3880; x_wconf 84' lang='lat' dir='ltr'><strong>existant;</strong></span> <span class='ocrx_word' id='word_1_372' title='bbox 1419 3813 1517 3870; x_wconf 89' lang='lat' dir='ltr'><strong>sed</strong></span> <span class='ocrx_word' id='word_1_373' title='bbox 1558 3813 1746 3880; x_wconf 85' lang='lat' dir='ltr'><strong>etiam,</strong></span> <span class='ocrx_word' id='word_1_374' title='bbox 1776 3834 1848 3870; x_wconf 85' lang='lat' dir='ltr'><strong>an</strong></span> <span class='ocrx_word' id='word_1_375' title='bbox 1877 3826 2086 3890; x_wconf 89' lang='lat' dir='ltr'><strong>pastor,</strong></span> <span class='ocrx_word' id='word_1_376' title='bbox 2114 3826 2214 3872; x_wconf 92' lang='lat' dir='ltr'><strong>aut</strong></span> <span class='ocrx_word' id='word_1_377' title='bbox 2241 3815 2432 3890; x_wconf 75' lang='lat' dir='ltr'><strong>quivis</strong></span> <span class='ocrx_word' id='word_1_378' title='bbox 2458 3818 2575 3884; x_wconf 87' lang='lat' dir='ltr'><strong>alii,</strong></span> <span class='ocrx_word' id='word_1_379' title='bbox 2605 3818 2676 3876; x_wconf 87' lang='lat' dir='ltr'><strong>ad</strong></span> <span class='ocrx_word' id='word_1_380' title='bbox 2709 3837 2852 3891; x_wconf 88' lang='lat' dir='ltr'><strong>quos</strong></span> <span class='ocrx_word' id='word_1_381' title='bbox 2881 3830 3135 3894; x_wconf 89' lang='lat' dir='ltr'><strong>spectare</strong></span> <span class='ocrx_word' id='word_1_382' title='bbox 3163 3830 3362 3894; x_wconf 64' lang='lat' dir='ltr'><strong>potest,</strong></span> <span class='ocrx_word' id='word_1_383' title='bbox 3391 3819 3580 3876; x_wconf 88' lang='lat' dir='ltr'><strong>indul-</strong></span> 
     </span>
     <span class='ocr_line' id='line_1_37' title="bbox 863 3901 3580 3986; baseline 0.004 -30"><span class='ocrx_word' id='word_1_384' title='bbox 863 3901 1085 3975; x_wconf 85' lang='lat' dir='ltr'><strong>gentias</strong></span> <span class='ocrx_word' id='word_1_385' title='bbox 1112 3902 1393 3976; x_wconf 85' lang='lat' dir='ltr'><strong>ejusmodi</strong></span> <span class='ocrx_word' id='word_1_386' title='bbox 1422 3904 1802 3963; x_wconf 84' lang='lat' dir='ltr'><strong>confratribus</strong></span> <span class='ocrx_word' id='word_1_387' title='bbox 1828 3925 2137 3973; x_wconf 86' lang='lat' dir='ltr'><strong>concessas,</strong></span> <span class='ocrx_word' id='word_1_388' title='bbox 2163 3927 2267 3965; x_wconf 89' lang='lat' dir='ltr'><strong>suo</strong></span> <span class='ocrx_word' id='word_1_389' title='bbox 2310 3920 2561 3986; x_wconf 88' lang='lat' dir='ltr'><strong>tempore</strong></span> <span class='ocrx_word' id='word_1_390' title='bbox 2603 3910 2861 3967; x_wconf 83' lang='lat' dir='ltr'><strong>innovari</strong></span> <span class='ocrx_word' id='word_1_391' title='bbox 2900 3922 3117 3968; x_wconf 86' lang='lat' dir='ltr'><strong>curent.</strong></span> <span class='ocrx_word' id='word_1_392' title='bbox 3198 3910 3283 3966; x_wconf 89' lang='lat' dir='ltr'><strong>Ac</strong></span> <span class='ocrx_word' id='word_1_393' title='bbox 3315 3912 3373 3965; x_wconf 82' lang='lat'><strong>3.</strong></span> <span class='ocrx_word' id='word_1_394' title='bbox 3402 3911 3487 3968; x_wconf 92' lang='lat' dir='ltr'><strong>Ut</strong></span> <span class='ocrx_word' id='word_1_395' title='bbox 3513 3909 3580 3968; x_wconf 90' lang='lat' dir='ltr'><strong>de</strong></span> 
     </span>
     <span class='ocr_line' id='line_1_38' title="bbox 860 3992 3578 4078; baseline 0.004 -31"><span class='ocrx_word' id='word_1_396' title='bbox 860 3992 977 4048; x_wconf 92' lang='lat' dir='ltr'><strong>illis</strong></span> <span class='ocrx_word' id='word_1_397' title='bbox 1006 3993 1273 4050; x_wconf 88' lang='lat' dir='ltr'><strong>omnibus</strong></span> <span class='ocrx_word' id='word_1_398' title='bbox 1315 4006 1507 4052; x_wconf 89' lang='lat' dir='ltr'><strong>notam</strong></span> <span class='ocrx_word' id='word_1_399' title='bbox 1547 4007 1774 4056; x_wconf 87' lang='lat' dir='ltr'><strong>teneant</strong></span> <span class='ocrx_word' id='word_1_400' title='bbox 1799 3998 1858 4055; x_wconf 93' lang='lat' dir='ltr'><strong>in</strong></span> <span class='ocrx_word' id='word_1_401' title='bbox 1887 3998 2112 4057; x_wconf 91' lang='lat' dir='ltr'><strong>actibus</strong></span> <span class='ocrx_word' id='word_1_402' title='bbox 2140 4000 2278 4066; x_wconf 89' lang='lat' dir='ltr'><strong>suis,</strong></span> <span class='ocrx_word' id='word_1_403' title='bbox 2306 4018 2524 4075; x_wconf 90' lang='lat' dir='ltr'><strong>nosque</strong></span> <span class='ocrx_word' id='word_1_404' title='bbox 2551 3995 2900 4059; x_wconf 70' lang='lat' dir='ltr'><strong>exactissime</strong></span> <span class='ocrx_word' id='word_1_405' title='bbox 2927 4001 3274 4069; x_wconf 89' lang='lat' dir='ltr'><strong>informent;</strong></span> <span class='ocrx_word' id='word_1_406' title='bbox 3315 4021 3578 4078; x_wconf 83' lang='lat' dir='ltr'><strong>quaeque,</strong></span> 
     </span>
     <span class='ocr_line' id='line_1_39' title="bbox 862 4086 3579 4170; baseline 0.003 -29"><span class='ocrx_word' id='word_1_407' title='bbox 862 4102 994 4141; x_wconf 91' lang='lat' dir='ltr'><strong>cum</strong></span> <span class='ocrx_word' id='word_1_408' title='bbox 1025 4086 1407 4162; x_wconf 87' lang='lat' dir='ltr'><strong>proportione,</strong></span> <span class='ocrx_word' id='word_1_409' title='bbox 1434 4088 1508 4145; x_wconf 88' lang='lat' dir='ltr'><strong>ad</strong></span> <span class='ocrx_word' id='word_1_410' title='bbox 1534 4108 1732 4147; x_wconf 91' lang='lat' dir='ltr'><strong>curam</strong></span> <span class='ocrx_word' id='word_1_411' title='bbox 1765 4100 1819 4148; x_wconf 90' lang='lat' dir='ltr'><strong>et</strong></span> <span class='ocrx_word' id='word_1_412' title='bbox 1848 4090 2229 4149; x_wconf 81' lang='lat' dir='ltr'><strong>visitationem</strong></span> <span class='ocrx_word' id='word_1_413' title='bbox 2257 4091 2353 4149; x_wconf 88' lang='lat' dir='ltr'><strong>SS.</strong></span> <span class='ocrx_word' id='word_1_414' title='bbox 2383 4093 2770 4170; x_wconf 84' lang='lat' dir='ltr'><strong>reliquiarum,</strong></span> <span class='ocrx_word' id='word_1_415' title='bbox 2805 4113 2935 4168; x_wconf 83' lang='lat' dir='ltr'><strong>quae</strong></span> <span class='ocrx_word' id='word_1_416' title='bbox 2963 4094 3024 4151; x_wconf 91' lang='lat' dir='ltr'><strong>in</strong></span> <span class='ocrx_word' id='word_1_417' title='bbox 3052 4092 3299 4170; x_wconf 82' lang='lat' dir='ltr'><strong>praefatis</strong></span> <span class='ocrx_word' id='word_1_418' title='bbox 3333 4092 3579 4152; x_wconf 67' lang='lat' dir='ltr'><strong>ecclesiis</strong></span> 
     </span>
     <span class='ocr_line' id='line_1_40' title="bbox 862 4174 3579 4261; baseline 0.004 -30"><span class='ocrx_word' id='word_1_419' title='bbox 862 4174 1131 4243; x_wconf 87' lang='lat' dir='ltr'><strong>existunt,</strong></span> <span class='ocrx_word' id='word_1_420' title='bbox 1160 4179 1473 4254; x_wconf 90' lang='lat' dir='ltr'><strong>qualesque</strong></span> <span class='ocrx_word' id='word_1_421' title='bbox 1517 4181 1578 4238; x_wconf 88' lang='lat' dir='ltr'><strong>in</strong></span> <span class='ocrx_word' id='word_1_422' title='bbox 1621 4182 1869 4258; x_wconf 80' lang='lat' dir='ltr'><strong>singulis</strong></span> <span class='ocrx_word' id='word_1_423' title='bbox 1911 4183 2108 4241; x_wconf 88' lang='lat' dir='ltr'><strong>haberi</strong></span> <span class='ocrx_word' id='word_1_424' title='bbox 2149 4183 2546 4253; x_wconf 84' lang='lat' dir='ltr'><strong>desideramus,</strong></span> <span class='ocrx_word' id='word_1_425' title='bbox 2580 4182 2778 4244; x_wconf 74' lang='lat' dir='ltr'><strong>merito</strong></span> <span class='ocrx_word' id='word_1_426' title='bbox 2818 4185 3176 4245; x_wconf 82' lang='lat' dir='ltr'><strong>extendenda</strong></span> <span class='ocrx_word' id='word_1_427' title='bbox 3215 4198 3369 4251; x_wconf 87' lang='lat' dir='ltr'><strong>sunt,</strong></span> <span class='ocrx_word' id='word_1_428' title='bbox 3407 4198 3579 4261; x_wconf 88' lang='lat' dir='ltr'><strong>atque</strong></span> 
     </span>
     <span class='ocr_line' id='line_1_41' title="bbox 862 4268 1399 4329; baseline 0.011 -6"><span class='ocrx_word' id='word_1_429' title='bbox 862 4268 1087 4325; x_wconf 85' lang='lat' dir='ltr'><strong>extendi</strong></span> <span class='ocrx_word' id='word_1_430' title='bbox 1118 4271 1399 4329; x_wconf 89' lang='lat' dir='ltr'><strong>volumus.</strong></span> 
     </span>
    </p>
   </div>
   <div class='ocr_carea' id='block_1_3' title="bbox 944 4361 3577 4447">
    <p class='ocr_par' dir='ltr' id='par_1_8' title="bbox 944 4361 3577 4447">
     <span class='ocr_line' id='line_1_42' title="bbox 944 4361 3577 4447; baseline 0.004 -32"><span class='ocrx_word' id='word_1_431' title='bbox 944 4378 1021 4416; x_wconf 74' lang='lat'><strong>1¹.</strong></span> <span class='ocrx_word' id='word_1_432' title='bbox 1064 4362 1314 4420; x_wconf 84' lang='lat' dir='ltr'><strong>Additur</strong></span> <span class='ocrx_word' id='word_1_433' title='bbox 1358 4364 1418 4422; x_wconf 89' lang='lat' dir='ltr'><strong>in</strong></span> <span class='ocrx_word' id='word_1_434' title='bbox 1461 4367 1717 4433; x_wconf 87' lang='lat' dir='ltr'><strong>statutis;</strong></span> <span class='ocrx_word' id='word_1_435' title='bbox 1756 4361 1982 4429; x_wconf 52' lang='lat' dir='ltr'><strong>unani}</strong></span> <span class='ocrx_word' id='word_1_436' title='bbox 2008 4367 2198 4436; x_wconf 90' lang='lat' dir='ltr'><strong>licere,</strong></span> <span class='ocrx_word' id='word_1_437' title='bbox 2227 4369 2451 4445; x_wconf 89' lang='lat' dir='ltr'><strong>quoties</strong></span> <span class='ocrx_word' id='word_1_438' title='bbox 2479 4369 2743 4447; x_wconf 83' lang='lat' dir='ltr'><strong>expedire</strong></span> <span class='ocrx_word' id='word_1_439' title='bbox 2771 4369 3074 4438; x_wconf 87' lang='lat' dir='ltr'><strong>videbitur,</strong></span> <span class='ocrx_word' id='word_1_440' title='bbox 3102 4391 3297 4430; x_wconf 72' lang='lat' dir='ltr'><strong>omnoe</strong></span> <span class='ocrx_word' id='word_1_441' title='bbox 3326 4383 3577 4446; x_wconf 83' lang='lat' dir='ltr'><strong>pastores</strong></span> 
     </span>
    </p>
   </div>
  </div>
 </body>
</html>
