3882 5037
419 473 559 528 εισι.
580 469 681 526 IV.
713 468 794 541 2.]
1260 466 1905 544 ffiamau2.—mocese
1936 472 1996 532 of
2022 472 2300 551 OEologut.
2967 477 3118 548 299

484 686 601 726 vm.
641 669 791 725 Cum
820 667 1009 726 otium
1025 688 1143 727 non
1159 669 1233 725 sit
1259 669 1435 734 aliud,
1456 668 1569 725 nisi
1597 669 1841 727 hominis
1870 669 1991 728 vivi
2018 674 2333 747 sepultura,
2354 683 2413 730 et
2438 673 2709 731 vitiorum
2739 672 3118 748 plurimorum

414 762 571 828 lerna,
598 759 784 823 uttan(
812 757 1038 825 rurales
1065 758 1408 838 opportune,
1447 773 1504 818 et
1544 757 1868 836 importune
1909 761 2169 840 singulos
2211 765 2566 840 regiunculae
2588 784 2727 822 suae
2766 776 3035 841 pastores,
3062 778 3119 826 et

414 854 643 928 reliquos
670 855 1078 912 ecclesiasticos
1102 866 1386 922 moneant,
1415 865 1483 911 ut
1511 853 1659 912 illud
1696 854 1969 921 devitent,
1992 867 2057 912 'et
2098 868 2463 927 execrentur;
2503 857 2768 933 singulis,
2797 859 2892 915 vel
2918 859 3118 915 saltem

408 947 625 1004 alternis
653 946 856 1004 diebus
882 947 1115 1003 missam
1141 945 1443 1012 celebrent,
1466 944 1713 1021 singulis
1739 945 1875 1003 item
1898 945 2236 1014 Dominicis,
2257 959 2314 1006 et
2342 948 2494 1006 festis
2523 967 2781 1024 vesperas
2808 950 3118 1017 decantent,

409 1035 591 1098 sedqu
617 1059 677 1096 se
702 1040 875 1098 etiam
904 1039 1128 1104 studiis,
1156 1038 1388 1096 lectioni
1413 1057 1584 1095 sacrae
1611 1038 1853 1114 paginae,
1884 1039 2228 1115 piorumque
2253 1040 2534 1100 librorum
2562 1041 2862 1119 applicent.

479 1151 552 1190 ιι.
593 1132 677 1191 Ut
703 1143 899 1191 autem
937 1126 1124 1190 ῦεεειιιί
1156 1125 1376 1191 tutalts
1418 1130 1701 1203 cujusque
1736 1130 1995 1203 pastoris,
2037 1142 2094 1186 et
2134 1130 2523 1209 vice-pastoris
2563 1134 2755 1200 vitam,
2783 1153 2984 1201 mores,
3020 1154 3116 1209 ge-

409 1224 576 1291 nium,
602 1234 661 1283 et
684 1223 1084 1301 occupationes
1110 1216 1317 1278 melius
1358 1232 1720 1296 cognoscant,
1748 1221 1821 1277 ab
1861 1222 1952 1287 iis,
1982 1221 2122 1279 dum
2160 1223 2407 1290 visitant,
2449 1219 2595 1282 serio
2624 1225 2903 1284 rationem
2928 1226 3116 1284 distri-

409 1317 647 1374 butionis
689 1316 961 1392 temporis
1009 1314 1258 1390 exigant,
1301 1313 1730 1388 inquiruntque,
1777 1314 1991 1386 quibus
2037 1334 2095 1373 se
2136 1315 2342 1372 studiis
2390 1330 2685 1393 occupent,
2734 1339 2827 1385 an,
2871 1330 2930 1376 et
2973 1337 3117 1393 quos

408 1408 569 1466 libros
595 1408 926 1484 spirituales
952 1410 1168 1483 legant,
1196 1427 1272 1464 an
1308 1404 1558 1481 singulis
1587 1404 1804 1472 diebus,
1830 1416 1936 1462 aut
1976 1407 2202 1483 quoties
2230 1408 2293 1465 in
2319 1408 2654 1484 septimana,
2681 1428 2757 1465 an
2797 1428 2867 1466 ex
2895 1408 3116 1484 obliga-

408 1498 562 1566 tione,
600 1510 704 1556 aut
744 1499 952 1576 pietate
996 1499 1299 1564 celebrent,
1334 1518 1411 1555 an
1458 1497 1706 1572 singulis
1749 1497 1951 1555 diebus
1999 1498 2220 1574 aliquid
2270 1500 2537 1576 temporis
2578 1500 2822 1558 orationi
2864 1501 3118 1568 mentali,

407 1609 511 1664 qua
538 1591 694 1649 velut
735 1590 957 1648 coelesti
995 1590 1125 1648 cibo
1166 1589 1402 1668 spiritus
1444 1589 1715 1656 reficitur,
1742 1588 2096 1665 impendant,
2122 1610 2196 1648 an
2236 1592 2639 1651 conscientiam
2665 1611 2830 1649 suam
2856 1590 3115 1666 quotidie

410 1693 609 1740 statuto
636 1693 887 1758 tempore
914 1681 1249 1740 examinent.

478 1792 525 1829 x.
563 1771 761 1830 Sicubi
803 1791 938 1831 vero
977 1772 1201 1848 aliquos
1241 1772 1581 1839 invenerint,
1622 1791 1873 1848 quorum
1911 1774 2161 1850 corporis
2203 1775 2536 1835 constitutio
2574 1795 2690 1833 non
2730 1775 3023 1854 permittit,
3050 1787 3117 1833 ut

408 1859 664 1921 continuo
705 1864 912 1921 studiis
939 1874 1157 1931 vacent,
1185 1864 1561 1923 adhortentur
1598 1864 1749 1929 illos,
1776 1875 1843 1921 ut
1884 1861 2093 1942 saepiils
2119 1867 2413 1943 parochias
2441 1887 2573 1924 suas
2601 1868 2821 1934 obeant,
2848 1885 3032 1933 sanOS,
3061 1877 3118 1924 et

409 1973 590 2030 aegros,
617 1956 794 2013 etiam
821 1975 937 2014 non
969 1956 1170 2022 vocati,
1197 1955 1306 2032 piis
1346 1955 1699 2013 discursibus
1727 1956 1972 2025 foveant,
1999 1958 2201 2017 obvios
2228 1979 2433 2037 pueros
2459 1959 2609 2016 circa
2636 1977 2725 2015 res
2752 1957 3118 2016 catecheticas

407 2047 728 2114 examinent,
755 2058 812 2106 et
839 2047 1164 2124 ignoan
1188 2046 1496 2103 instruant.

476 2158 545 2196 ιι.
586 2138 879 2213 Denique,
907 2134 1092 2197 unani
1134 2134 1354 2199 tutaltss
1381 2138 1452 2194 de
1494 2148 1803 2213 pastorum,
1831 2149 1888 2196 et
1916 2138 2359 2216 vice-pastorum
2386 2140 2480 2198 sui
2508 2139 2800 2198 districtfis
2827 2138 3026 2205 salute,
3053 2159 3117 2195 ac

407 2229 646 2304 profectu
673 2229 961 2306 spirituali
987 2227 1233 2294 solliciti,
1273 2228 1579 2304 diligenter
1605 2247 1802 2286 eorum
1831 2229 1981 2295 vitae,
2010 2249 2252 2296 morum,
2282 2240 2338 2286 et
2364 2229 2636 2288 doctrinae
2660 2248 2852 2285 curam
2882 2239 3118 2303 gerant3

405 2319 631 2397 ideoque
686 2332 893 2399 praeter
945 2319 1298 2380 visitationes
1352 2319 1684 2387 ordinarias,
1738 2321 1871 2377 data
1912 2321 2202 2379 occasione
2257 2316 2461 2399 saepiiis
2516 2322 2692 2379 etiam
2746 2340 2846 2397 per
2899 2340 3114 2377 annum

407 2413 679 2487 parochias
732 2412 825 2470 sui
879 2412 1167 2470 districtfis
1220 2412 1542 2488 inspiciant,
1597 2422 1652 2469 et
1706 2409 1991 2490 praecipue
2047 2413 2337 2489 indagent,
2384 2434 2460 2471 an
2508 2422 2770 2489 pastores,
2818 2431 2921 2469 seu
2965 2412 3117 2470 vice·

407 2516 638 2581 pmores
681 2504 839 2581 apud
883 2524 1015 2563 oves
1060 2525 1193 2562 suas
1234 2504 1535 2572 resideant,
1563 2501 1675 2581 pie,
1703 2500 2046 2581 laudateque
2075 2505 2293 2575 vivant,
2315 2525 2436 2572 sue,
2476 2515 2543 2563 ut
2586 2504 2766 2571 decet,
2802 2502 3118 2580 fungantur

410 2615 661 2667 munere;
722 2597 1032 2675 praesertim
1074 2595 1394 2653 Dominicis
1438 2607 1494 2653 et
1541 2596 1698 2655 festis
1744 2597 1945 2655 diebus
1988 2618 2211 2655 sacrum
2249 2610 2474 2666 canant,
2509 2597 2929 2664 concionentur,
2969 2607 3116 2654 cate-

409 2688 544 2747 chesi
580 2690 946 2763 juventutem
989 2686 1267 2755 imbuant,
1313 2699 1369 2745 et
1411 2687 1794 2746 ecclesiastica
1842 2702 2210 2758 sacramenta,
2254 2692 2600 2766 quacunque
2646 2690 2780 2758 diei,
2828 2710 2893 2747 ac
2934 2689 3116 2748 noctis

411 2780 535 2838 hora
562 2781 939 2857 requirantur,
968 2777 1081 2881 pie,
1106 2778 1482 2859 prompteque
1507 2781 1921 2839 administrent.

1883 2873 2002 2930 CC.
2030 2875 2379 2942 Germanice,
2408 2874 2672 2933 Tom.1x.
2706 2895 2759 2953 p.
2785 2876 3115 2933 1027—29·

1156 3123 1374 3181 SECT.
1396 3123 1469 3180 V.
1505 3120 1879 3187 l.-ffltotesoe
1909 3121 1969 3183 of
1996 3122 2338 3189 (venustante.

607 3252 887 3311 Rumuc*
917 3272 996 3310 on
1024 3272 1138 3311 ma
1166 3254 1383 3312 Omen
1408 3272 1478 3310 οι*
1506 3250 1677 3312 Bran
1702 3249 1898 3313 Ruta!
1928 3272 1993 3310 m
2023 3271 2136 3311 'ma
2165 3254 2417 3312 D1ocma
2443 3272 2515 3311 012
2541 3255 2895 3320 Consunce,

1142 3365 1216 3403 av
1243 3347 1460 3404 B1sn01²
1487 3346 1826 3413 Buacffluu),
1852 3345 2002 3402 A.D.
2022 3362 2364 3402 mccccmuu.

483 3456 964 3524 STATUIMUS,
1012 3468 1079 3515 ut
1121 3458 1363 3533 quilibet
1405 3463 1665 3527 betanus,
1711 3480 1810 3517 seu
1859 3460 2011 3517 vices
2053 3459 2259 3516 horum
2300 3468 2509 3523 tenens,
2552 3455 2796 3532 singulis
2838 3455 3004 3514 annis
3045 3455 3118 3513 ad

413 3545 587 3605 minus
612 3548 722 3615 bis,
752 3547 964 3607 scilicet
990 3549 1051 3606 in
1080 3551 1430 3624 quibuslibet
1459 3572 1559 3610 sex
1587 3552 1877 3609 mensibus
1905 3552 2078 3608 semel
2108 3550 2168 3607 in
2197 3548 2482 3625 presentia
2508 3547 2857 3605 confratrum
2885 3566 3115 3605 suorum

412 3638 465 3697 in
489 3642 612 3699 loco
640 3641 948 3717 capitulari
975 3654 1447 3719 congregatorum
1476 3643 1546 3700 de
1572 3644 1841 3702 omnibus
1869 3641 2160 3702 beneficiis
2187 3641 2340 3699 infra
2364 3643 2685 3699 harenatum
2714 3659 2882 3697 suum
2912 3659 3115 3696 vacan-

413 3731 567 3801 tibus,
596 3734 807 3792 curatis
834 3745 890 3791 et
914 3753 1029 3790 non
1057 3735 1280 3800 curatis,
1307 3754 1436 3809 quae
1476 3736 1629 3792 ultra
1665 3745 1890 3811 tempus
1919 3735 2288 3794 collatoribus
2324 3752 2425 3791 seu
2466 3733 2722 3808 patronis
2748 3731 3055 3791 eorundem
3082 3724 3120 3786 ὲ,

407 3824 522 3894 jure
546 3836 830 3883 statutum
859 3825 1210 3883 vacaverintz
1257 3845 1361 3883 nec
1387 3846 1504 3884 non
1532 3828 1602 3884 de
1642 3828 1783 3904 ipsis
1812 3827 2179 3887 collatoribus
2206 3838 2263 3884 et
2303 3825 2571 3903 patronis,
2596 3845 2661 3882 ac
2701 3845 2899 3883 eorum
2935 3824 3116 3881 nomi-

413 3915 570 3975 nibus
595 3912 924 3994 diligentius
952 3917 1222 3993 inquirat,
1252 3918 1434 3986 nobis,
1463 3939 1564 3977 seu
1592 3921 1805 3978 vicario
1831 3931 2028 3980 nostro
2066 3921 2129 3979 in
2158 3918 2556 3995 spiritualibus
2597 3916 2696 3975 illa
2723 3937 2855 3975 cum
2883 3935 3118 3974 suorum

414 4020 768 4081 patronorum
797 4020 855 4067 et
882 4010 1218 4068 collatorum
1244 4011 1572 4069 nominibus
1597 4007 2029 4088 quamprimum
2062 4006 2354 4071 commode
2385 4011 2581 4086 possit,
2619 4011 2698 4067 sic
2729 4019 2932 4074 tamen,
2961 4007 3117 4084 quod

474 4205 499 4230 ⁵
530 4204 636 4255 The
675 4220 813 4255 same
850 4208 1044 4258 Rubrio
1082 4222 1147 4258 on
1170 4209 1256 4259 the
1281 4208 1438 4274 *office
1477 4209 1537 4258 of
1566 4209 2087 4276 ardypttsbntzr-rural
2127 4212 2302 4275 passed
2346 4213 2434 4261 the
2479 4212 2636 4275 synod
2681 4210 2738 4260 of
2773 4208 3114 4265 Hildesheim,

418 4278 564 4328 under
584 4280 776 4348 Bishop
799 4282 1089 4342 valentine,
1114 4285 1247 4335 A.D.
1275 4300 1521 4335 unxmx.
1590 4286 1698 4335 The
1735 4286 1909 4336 officer
1948 4288 1993 4337 is
2036 4288 2183 4338 there
2220 4288 2384 4339 called
2422 4290 2562 4341 tuta!
2600 4285 2884 4352 artbptitzb
2921 4284 3117 4333 instead

422 4352 470 4401 Οἳ
483 4357 608 4411 tutal
627 4361 933 4414 utam—See
961 4365 1064 4415 CC.
1094 4366 1389 4423 Germania,
1415 4364 1560 4414 Tom.
1581 4379 1651 4415 ιιι.
1676 4379 1762 4429 pp.
1779 4366 1982 4414 314-15.
