3882 5037
825 477 976 551 374
1653 475 2307 555 flnctuum—'English
2337 476 2707 538 monumenta.
3246 467 3432 550 [Piassr
3457 480 3541 537 11.

867 769 920 822 2.
963 766 1018 823 A
1049 765 1290 824 ΡΑΤΕΝΤ
1314 786 1385 824 or
1410 785 1524 823 ’mn
1553 768 1772 826 Ornos
1796 785 1867 822 or
1897 768 2235 825 ansrntm
2262 787 2334 825 ‘ro
2360 786 2477 825 ‘run
2502 761 2697 826 &aral
2727 764 2898 826 Btatt
2922 785 2993 824 or
3018 767 3491 826 Anourmssamss

1369 860 1642 925 Dmnnv,
1673 878 1736 917 m
1764 878 1878 917 rna
1907 860 2163 917 Dmcssss
2189 878 2258 916 or
2285 860 2572 926 Camari,
2602 860 2989 917 A.D.mnxc11.

905 968 1286 1026 OMNIBUS
1313 969 1528 1027 Christi
1557 969 1856 1028 Fidelibus
1891 968 1964 1026 ad
1993 988 2136 1042 quos
2170 969 2280 1026 hoc
2320 987 2564 1044 praesens
2591 968 2863 1044 scriptum
2906 969 3243 1046 pervenerit,
3271 989 3371 1027 seu
3397 989 3540 1043 quos

825 1058 972 1116 infra
998 1059 1273 1135 scriptum
1319 1071 1581 1136 tangunt,
1609 1072 1712 1118 aut
1758 1072 1993 1137 tangere
2035 1061 2278 1136 poterint
2323 1060 2751 1135 quomodolibet
2777 1060 2839 1117 in
2871 1060 3149 1127 futurum,
3178 1061 3542 1130 willielmus,

824 1150 1187 1210 miseratione
1213 1151 1406 1209 divina
1434 1154 1771 1211 Cestriensis
1810 1154 2127 1231 episcopus,
2156 1154 2395 1210 salutem
2435 1153 2497 1210 in
2540 1151 2793 1210 Domino
2831 1152 3227 1227 sempiternam
3263 1174 3330 1212 ac
3369 1154 3542 1212 fidem

825 1242 1125 1300 indubiam
1163 1244 1531 1319 praesentibus
1571 1244 1843 1303 adhiberi.
1927 1244 2218 1303 Noverint
2255 1244 2594 1303 universitas
2635 1255 2818 1302 vestra
2847 1242 3002 1317 quod
3044 1263 3173 1301 cum
3215 1265 3321 1303 nos
3360 1265 3545 1322 nuper

826 1334 1072 1393 officium
1113 1333 1299 1395 vetans
1340 1333 1551 1400 ruralis
1577 1340 1816 1397 bttanat.
1844 1338 1915 1395 de
1945 1336 2404 1395 Amounderness
2446 1355 2547 1413 pro
2588 1335 2752 1394 nobis
2780 1345 2837 1393 et
2878 1336 3296 1395 successoribus
3333 1338 3541 1394 nostris

826 1425 1076 1486 Ricardo
1123 1429 1340 1487 Parker
1388 1430 1613 1496 clerico,
1662 1429 1870 1487 vicario
1925 1430 1997 1485 de
2045 1429 2337 1505 Chipping
2388 1427 2878 1486 archidiaconatsss
2926 1427 3106 1483 nostri
3150 1427 3541 1485 Richmondiae

825 1517 1104 1586 dedimus,
1130 1522 1524 1587 concessimus,
1548 1533 1605 1579 et
1631 1520 2112 1585 confirmavimuS,
2133 1521 2315 1578 eidem
2341 1520 2589 1578 Ricardo
2610 1519 2824 1576 Parker
2849 1517 3074 1574 nullum
3098 1518 3540 1596 Registrarium,

824 1610 943 1668 sive
969 1622 1223 1668 actorum
1251 1632 1484 1670 suorum
1515 1612 1771 1678 scribam,
1801 1613 1952 1670 infra
1974 1616 2256 1672 hetanatu.
2288 1612 2532 1687 pra-dict.
2561 1610 2995 1686 assignavimus,
3013 1630 3168 1668 nunc
3197 1630 3332 1668 vero
3359 1623 3540 1669 certas

826 1702 899 1759 ob
925 1722 1124 1760 causas
1165 1724 1269 1761 nos
1309 1704 1369 1761 in
1411 1708 1476 1762 ea
1517 1717 1675 1781 parte
1715 1705 2039 1781 specialiter
2078 1714 2371 1763 moventes
2410 1698 2693 1781 praecipue
2733 1697 2870 1761 vero
2910 1701 3046 1775 quia
3081 1702 3272 1759 omnia
3311 1714 3451 1769 acta,
3482 1715 3539 1761 et

824 1801 1024 1849 caetera
1065 1793 1213 1851 infra
1250 1795 1571 1854 &tanatum
1613 1797 1947 1873 praedictum
1990 1807 2167 1873 gesta,
2187 1797 2356 1869 juxta
2398 1795 2589 1854 debita
2621 1794 2768 1867 juris
2807 1793 3111 1870 exigentia,
3152 1793 3440 1852 inactitari
3482 1807 3541 1854 et

825 1882 1119 1958 registrari
1164 1886 1516 1954 curabimus,
1560 1888 1871 1946 Ricardum
1916 1888 2137 1945 Parker
2177 1888 2465 1945 literatum
2509 1886 2582 1943 ad
2626 1885 2999 1943 exercendum
3042 1885 3291 1942 officium
3333 1887 3540 1963 Regis-

824 1974 983 2031 trarii
1028 1973 1176 2032 infra
1222 1987 1278 2034 et
1327 1997 1428 2053 per
1473 1989 1656 2038 totum
1701 1984 2023 2039 hetanatum
2068 1980 2139 2038 de
2184 1978 2644 2036 Amounderness
2689 1975 2937 2052 praedict.
2979 1977 3440 2052 quandocunque
3483 1992 3541 2038 et

823 2064 1270 2141 quotiescunque
1299 2089 1442 2146 opus
1471 2071 1661 2138 fuerit,
1693 2091 1796 2148 pro
1823 2071 1990 2129 nobis
2017 2083 2074 2128 et
2101 2071 2517 2129 successoribus
2544 2068 2771 2134 nostris,
2798 2067 3157 2144 praeficimus,
3188 2068 3538 2138 ordinamus,

822 2167 878 2215 et
904 2159 1304 2217 constituimus
1332 2182 1433 2238 per
1462 2175 1766 2240 praesentes
1793 2164 2030 2221 habend.
2066 2162 2289 2221 tenend.
2323 2161 2605 2238 gaudend.
2636 2160 2859 2219 fruend.
2892 2171 2949 2218 et
2985 2161 3292 2236 occupand.
3321 2161 3538 2221 dictum

822 2250 1074 2308 officium
1119 2251 1457 2328 Registrarii
1502 2255 1651 2313 infra
1692 2259 1930 2314 betanat.
1978 2254 2223 2331 pra-dict.
2267 2254 2448 2312 eidem
2494 2251 2739 2310 Ricardo
2767 2251 2986 2310 Parker
3027 2263 3083 2309 et
3126 2252 3374 2328 deputat.
3420 2254 3541 2312 sive

822 2342 1106 2419 deputatis
1149 2345 1287 2411 suis,
1338 2342 1455 2404 una
1502 2367 1637 2405 cum
1681 2347 1948 2405 omnibus
1995 2356 2050 2402 et
2097 2345 2342 2422 singulis
2389 2343 2677 2422 proficuis,
2725 2344 2925 2409 vadiis,
2974 2343 3171 2410 feodis,
3219 2354 3275 2401 et
3324 2348 3541 2404 caeteris

821 2436 1218 2494 emolumentis
1260 2438 1715 2514 quibuscunque,
1765 2437 2120 2514 Registrario
2169 2436 2423 2510 ejusdem
2469 2439 2706 2496 betanat.
2748 2435 3220 2509 qualitercunque
3266 2434 3437 2494 debit.
3482 2450 3539 2496 et

822 2529 969 2586 solvi
1016 2541 1268 2587 consuet.
1297 2530 1358 2587 in
1400 2541 1513 2587 tam
1561 2532 1786 2606 amplis.
1838 2531 2022 2588 forma
2063 2540 2120 2589 et
2163 2529 2349 2596 mod0,
2376 2549 2549 2603 quam
2593 2528 2694 2586 alii
2739 2528 2876 2586 dicti
2918 2530 3155 2587 Decutiat.
3200 2528 3539 2604 Registrarii

821 2619 1140 2686 habuerint,
1167 2620 1471 2688 tenuerint,
1491 2624 1581 2679 vel
1610 2622 1796 2699 gavisi
1819 2622 2051 2687 fuerint,
2070 2622 2156 2679 vel
2187 2618 2543 2696 possiderint,
2567 2620 2657 2677 vel
2685 2619 2764 2676 sic
2794 2618 3019 2683 habere,
3040 2629 3248 2685 tenere,
3269 2621 3537 2696 gaudere,

822 2711 912 2767 vel
964 2710 1248 2784 possidere
1295 2711 1633 2779 debuerunt,
1683 2713 1925 2770 durante
1979 2712 2096 2770 vita
2145 2711 2392 2768 naturali
2446 2711 2700 2784 ejusdem
2756 2709 2989 2767 Ricardi
3038 2711 3260 2770 Parker
3311 2722 3369 2770 et
3421 2731 3536 2770 non

823 2796 1060 2857 diutius.
1145 2803 1217 2859 In
1258 2806 1424 2879 cujus
1466 2805 1548 2861 rei
1590 2803 1976 2860 testimonium
2006 2802 2266 2879 sigillum
2308 2813 2566 2860 nostrum
2607 2803 2926 2879 episcopale
2962 2803 3335 2877 praesentibus
3365 2823 3539 2880 appo-

821 2891 1056 2948 suimus,
1223 2895 1353 2950 Dat.
1382 2895 1528 2951 Oct⁰.
1557 2894 1647 2952 die
1675 2894 1883 2951 mensis
1912 2893 2178 2951 Octobris
2207 2915 2359 2953 anno
2390 2894 2524 2953 Dfii.
2551 2896 2717 2952 1592

902 2983 975 3039 In
1005 2983 1098 3041 the
1126 3003 1279 3042 same
1310 2983 1458 3053 ffiss-
1481 2985 1630 3042 book
1649 2984 1717 3042 of
1735 2986 1827 3043 the
1854 2984 2125 3061 Registry
2152 2987 2331 3044 Office
2352 2987 2420 3044 of
2437 2987 2685 3053 Chester,
2714 2985 2867 3043 there
2894 2984 2944 3042 is
2969 3006 3004 3042 a
3025 3002 3169 3062 copy
3197 2985 3267 3043 of
3282 3006 3317 3043 a
3344 2997 3540 3061 patent

821 3071 888 3129 of
906 3073 999 3130 the
1029 3077 1185 3131 office
1214 3076 1281 3132 of
1298 3077 1594 3153 Registrar
1622 3086 1682 3134 to
1703 3077 1781 3133 all
1818 3077 1910 3132 the
1948 3088 2201 3152 separate
2227 3075 2384 3136 tuta!
2409 3074 2663 3140 Bantia
2704 3076 3058 3152 throughout
3099 3075 3192 3134 the
3219 3074 3440 3135 diocese
3480 3090 3542 3137 to

821 3164 1125 3243 Humphry
1175 3168 1365 3235 Lloid,
1410 3189 1559 3227 anno
1608 3170 2109 3226 mmmm—viz.
2155 3172 2453 3232 betausius
2503 3170 2573 3229 de
2623 3171 2875 3245 Bangor,
2923 3169 3233 3244 Malpasse,
3281 3170 3538 3239 Chester,

820 3256 1051 3323 Wirral,
1101 3258 1483 3337 Namptwich‚
1537 3259 1922 3328 Middlewich,
1974 3261 2308 3327 Frodsham,
2364 3262 2661 3328 Maxfield,
2717 3262 3095 3328 Manchester,
3141 3261 3538 3339 Warrington,

822 3350 1098 3425 Leyland,
1125 3361 1181 3408 et
1210 3352 1553 3418 Blackburn,
1583 3351 1734 3409 infra
1771 3352 2294 3411 archidiaconatum
2326 3352 3080 3416 Cestriensem—bttanatufl
3112 3354 3182 3412 de
3218 3354 3538 3413 Audet-fles-

819 3440 948 3506 sals,
993 3441 1472 3509 Amounderness,
1525 3443 1831 3511 Lonsdale,
1888 3444 2157 3511 Furness,
2211 3443 2522 3519 Copeland,
2581 3444 2850 3509 Kendall,
2907 3445 3368 3520 Burrowbridge,
3428 3446 3539 3502 Ca-

819 3531 1058 3600 therick,
1085 3544 1141 3591 et
1170 3535 1507 3601 Richmond,
1536 3534 1688 3592 infra
1712 3535 2229 3595 archidiaconatum
2259 3535 2597 3593 Richmond.

900 3623 1076 3681 From
1117 3625 1230 3682 Mr.
1248 3625 1472 3682 Ward’s
1513 3626 1782 3684 evidence
1823 3627 2015 3684 before
2071 3628 2162 3685 the
2204 3626 2623 3684 Ecclesiastical
2665 3624 3044 3683 Commission
3087 3628 3449 3698 (mccxxx.)
3492 3626 3540 3685 it

819 3731 1055 3788 appears
1102 3715 1220 3771 that
1265 3716 1359 3773 the
1399 3726 1624 3791 patents
1669 3716 1738 3773 of
1772 3718 1863 3776 the
1903 3717 2168 3776 diocesan
2211 3718 2325 3775 and
2371 3714 2595 3777 betuna!
2638 3717 3063 3793 registrarships
3104 3738 3200 3775 are
3239 3719 3358 3776 still
3400 3721 3541 3795 kept

820 3802 1065 3860 distinct.
1149 3805 1262 3861 Mr.
1287 3806 1484 3862 Keene
1524 3806 1574 3863 is
1613 3807 1894 3883 principal
1936 3808 2212 3885 registrar
2239 3809 2305 3866 of
2336 3810 2432 3867 the
2462 3809 2705 3876 diocese,
2735 3809 2875 3866 with
2916 3809 3008 3865 the
3036 3810 3330 3887 exception
3358 3810 3429 3867 of
3445 3812 3542 3870 the

821 3894 1025 3951 twelve
1051 3891 1208 3953 tura!
1235 3892 1488 3959 mantica
1515 3897 1583 3953 os
1601 3897 1849 3966 Chester,
1879 3899 1948 3956 of
1966 3900 2148 3977 which
2179 3900 2290 3956 Mr.
2314 3899 2492 3956 Ward
2530 3899 2579 3956 is
2618 3909 2895 3976 patentee.
2975 3900 3094 3957 But
3120 3901 3214 3956 the
3251 3899 3463 3960 former
3489 3902 3541 3960 is

819 3985 1088 4060 registrar
1114 3986 1182 4043 of
1199 3986 1294 4044 the
1323 3985 1478 4045 tura!
1503 3985 1756 4051 mantica
1783 3989 1851 4046 of
1869 3989 2207 4047 Richmond.
2288 3991 2393 4047 See
2420 3991 2631 4048 Eccles.
2667 3989 2893 4049 Coum’
2916 3990 3145 4066 Report,
3173 4009 3538 4051 mcccxxxn.

817 4094 909 4151 pp.
937 4077 1218 4143 181‚182.
