3882 5037
361 392 498 448 Smer.
518 389 615 461 X.]
1156 385 1798 462 &mauge-motzae
1826 386 1884 448 of
1907 384 2218 450 {Katisbou-
2900 377 3053 451 317

362 606 617 644 canonum
643 586 870 642 decreta
896 586 960 642 in
987 597 1153 643 testes
1180 587 1475 662 synodales
1503 587 1924 652 constituimus,
1954 596 2010 644 et
2035 585 2376 661 deputamus
2402 583 2464 638 in
2491 582 2664 638 finem
2690 591 2747 637 et
2773 578 3055 644 effectum,

362 692 417 736 ut
439 678 673 736 notorios
699 695 978 742 excoesus,
1005 687 1061 733 et
1088 673 1396 751 praesertim
1422 679 1577 744 illos,
1603 677 1817 753 quibus
1859 676 2098 735 ecclesia
2123 673 2556 739 scandalizatur,
2583 689 3056 747 quorumcunque

361 769 686 834 clericorum,
724 761 879 824 infra
914 766 1091 823 unius
1128 768 1337 825 mensis
1369 767 1619 843 spatium
1651 763 1689 825 a
1721 780 1974 844 tempore
2007 766 2229 827 notitiae
2262 765 2447 830 nobis,
2480 782 2579 821 seu
2604 762 2822 821 vicario
2863 774 3058 819 nostro

361 860 656 916 notificent:
698 857 747 913 si
775 857 908 932 quis
936 852 1069 915 vero
1097 859 1397 935 negligens
1425 859 1486 916 in
1513 861 1621 918 hoc
1649 870 1904 935 repertus
1934 859 2122 925 fuerit,
2151 858 2226 915 ab
2253 857 2515 932 ingressu
2545 854 2792 913 eeclesiae
2819 873 3056 929 suspen-

362 949 521 1016 datur,
538 961 594 1007 et
624 948 810 1007 officio
855 945 1099 1007 betunall
1145 949 1272 1024 ipso
1318 950 1466 1008 facto
1504 952 1579 1008 sit
1618 950 1892 1026 privatus.
1977 947 2294 1008 Praemissis
2321 964 2553 1021 quoque
2598 943 2900 1018 adjicimus
2946 955 3056 1001 sta·

361 1041 564 1107 tuendo,
601 1050 670 1096 ut
705 1038 909 1096 nullus
945 1039 1009 1096 in
1043 1040 1304 1098 buranum
1348 1038 1587 1099 ruralem
1623 1050 1830 1098 nostrae
1870 1038 2127 1097 dioecesis
2172 1039 2406 1103 electus,
2450 1047 2554 1094 aut
2595 1035 2915 1112 eligendus,
2957 1053 3059 1111 per

360 1151 460 1197 nos,
485 1142 583 1189 aut
610 1130 890 1187 vicarium
920 1140 1176 1186 nostrum
1202 1133 1462 1189 nondum
1488 1131 1789 1197 admissus,
1810 1141 1866 1188 et
1890 1130 2275 1193 confirmatus,
2304 1127 2549 1185 officium
2575 1123 2759 1186 betani
2787 1146 3060 1194 exercere,

360 1234 443 1278 aut
473 1241 531 1279 se
573 1223 837 1281 hasnum
883 1218 1177 1276 nominare
1217 1221 1651 1293 quomodolibet
1693 1230 2018 1296 praesumat,
2050 1218 2098 1275 si
2138 1217 2268 1293 quis
2308 1228 2503 1275 autem
2544 1212 2702 1274 seciis
2746 1217 2957 1283 fecerit,
2985 1219 3060 1276 ad

359 1315 653 1371 Mannum
695 1309 1022 1385 hujusmodi
1062 1309 1334 1368 inhabilis
1374 1312 1609 1378 existat3
1666 1313 1936 1370 volumus
1979 1321 2189 1376 autem,
2216 1302 2494 1384 quatenus
2524 1309 2594 1365 de
2621 1319 2821 1366 caetero
2852 1311 3056 1367 nullus

360 1403 586 1480 eligatur
618 1403 683 1460 in
716 1405 995 1466 ultanum,
1025 1401 1128 1475 qui
1160 1401 1234 1458 sit
1264 1402 1463 1477 aliquo
1503 1403 1741 1460 crimine
1777 1402 2010 1478 publico
2042 1401 2404 1466 diffamatu83
2458 1399 2719 1475 alioquin
2762 1400 3058 1476 eligentes,

361 1495 456 1552 sint
497 1499 563 1552 ea
608 1495 734 1553 vice
781 1502 1056 1570 potestate
1097 1492 1348 1568 eligendi
1381 1493 1507 1569 ipso
1549 1494 1696 1551 facto
1737 1493 1962 1568 privati.
2044 1486 2327 1552 Praeterea
2366 1488 2584 1555 uetanis
2630 1492 2911 1569 praedictis
2952 1492 3060 1549 sub

365 1589 507 1660 poenfl
533 1583 921 1661 suspensionis
947 1584 1021 1641 ab
1048 1584 1231 1641 officio
1257 1595 1314 1641 et
1341 1585 1620 1643 beneficio
1647 1578 1899 1641 districte
1921 1583 2304 1661 praecipimus‚
2325 1594 2380 1643 et
2407 1584 2761 1651 mandamus,
2781 1576 3059 1658 quatenus

368 1677 651 1753 assumptis
679 1677 792 1734 sibi
812 1675 1019 1748 juratis
1042 1674 1416 1733 confratribus
1443 1675 1536 1733 sui
1561 1672 1854 1736 bttauatssss
1882 1675 2132 1751 singulis
2161 1676 2327 1733 annis
2367 1676 2515 1734 circa
2554 1676 2759 1733 festum
2801 1675 3059 1735 omnium

365 1779 681 1835 sanctorum,
709 1766 802 1826 vel
841 1766 959 1823 alio
1000 1778 1253 1842 tempore
1295 1767 1481 1843 magis
1521 1787 1796 1842 congrue,
1827 1787 2024 1826 omnes
2065 1768 2371 1825 confratres
2409 1787 2541 1825 suos
2568 1768 2629 1825 in
2656 1788 2838 1825 unum
2866 1768 3057 1826 locum

365 1872 646 1919 convocent
675 1861 845 1916 eausa
871 1857 1213 1915 visitationis
1239 1859 1531 1926 habendae,
1559 1869 1614 1917 et
1640 1859 1759 1916 haec
1787 1870 1999 1917 statuta
2024 1859 2321 1935 synodalia
2345 1857 2584 1915 auribus
2624 1858 2877 1935 ipsorum
2921 1871 3058 1916 tunc

366 1946 598 2009 seriosius
640 1951 924 2009 inculcare
965 1961 1284 2024 procurent,
1312 1969 1533 2010 necnon
1560 1970 1733 2026 super
1757 1951 2081 2009 excessibus
2109 1970 2306 2008 eorum
2335 1950 2647 2024 inquirant,
2674 1961 2730 2008 et
2756 1950 2839 2008 sic
2869 1950 3058 2026 inqui-

368 2042 501 2109 sitos,
525 2042 746 2109 nostris,
774 2061 876 2100 seu
903 2039 1101 2097 vicarii
1129 2040 1305 2097 nostri
1345 2042 1583 2099 auribus
1623 2042 1878 2099 deferant
1917 2041 2065 2099 infra
2105 2060 2372 2099 mensem.
2460 2036 2704 2117 Insuper
2731 2040 2881 2099 infra
2908 2053 3057 2099 octa·

368 2152 451 2190 vas
475 2135 725 2192 omnium
754 2145 1076 2191 sanctorum
1104 2132 1515 2191 cathedralium
1542 2153 1697 2192 more
1725 2133 1896 2192 solito
1922 2135 2306 2208 expostulent,
2321 2143 2378 2190 et
2406 2131 2696 2207 recipiant.
2780 2131 2897 2196 Qui
2926 2128 3058 2189 vero

369 2228 748 2285 cathedralium
796 2227 1011 2284 solvere
1055 2235 1332 2291 tenentur,
1364 2225 1708 2283 solutionem
1747 2225 1930 2301 ipsam
1966 2224 2172 2282 faciant
2206 2227 2400 2284 hetauo
2436 2224 2546 2281 sub
2584 2226 2752 2299 poenfi
2792 2225 2961 2299 dupli
2997 2224 3058 2281 in

372 2318 586 2375 termino
613 2316 867 2392 praefato‚
897 2309 1019 2373 una
1045 2336 1178 2373 cum
1221 2316 1442 2373 salariis
1483 2316 1835 2382 nuntiorum,
1863 2317 1937 2373 ad
1970 2316 2283 2391 quemlibet
2311 2310 2610 2392 propterea.
2635 2315 3059 2373 destinatorum.

372 2406 622 2484 Alioquin
662 2420 862 2467 contra
901 2427 1016 2464 non
1058 2408 1352 2475 solventes,
1383 2419 1499 2465 tam
1527 2408 1601 2464 ad
1628 2427 1854 2484 poenam
1882 2408 2050 2483 dupli
2080 2406 2419 2483 praedictam,
2447 2427 2619 2482 quam
2650 2406 2821 2465 etiam
2846 2406 2919 2464 ad
2946 2407 3061 2464 alia

366 2497 491 2571 juris
531 2500 776 2559 remedia
814 2498 1043 2576 procedi
1087 2499 1287 2574 procul
1331 2497 1507 2557 dubio
1547 2498 1829 2558 faciemus.
1911 2499 2200 2565 Quoniam
2244 2499 2422 2573 (quod
2454 2493 2709 2557 dolenter
2742 2498 3060 2572 referimus)

373 2592 609 2649 nonnulli
647 2593 958 2650 sacerdotes
999 2601 1192 2648 contra
1240 2610 1525 2647 canonum
1572 2601 1799 2658 statuta,
1847 2612 1980 2649 cum
2026 2592 2100 2648 ad
2144 2589 2552 2656 tonbotatfiom
2593 2593 2933 2659 hunnorum,
2967 2594 3061 2650 vel

376 2683 730 2740 anniversaria
758 2682 1102 2758 principum,
1132 2681 1421 2755 exequiae,
1442 2682 1531 2739 vel
1561 2682 1928 2756 peractione3‚
1950 2694 2049 2741 aut
2067 2704 2474 2759 quamcunque
2499 2683 2672 2742 aliam
2695 2683 3062 2750 vocationem,

375 2772 432 2827 ad
465 2776 752 2832 collectam
794 2773 1053 2837 veniunt,
1093 2790 1215 2829 sese
1257 2771 1561 2837 inebriare,
1595 2793 1660 2829 ac
1699 2767 1845 2831 alias
1889 2774 1960 2831 ad
2006 2775 2315 2833 bibendum
2358 2796 2576 2853 cogere,
2609 2786 2665 2832 et
2706 2776 2778 2833 ad
2820 2778 3066 2852 aequales

375 2861 582 2921 haustus
607 2864 867 2939 obligare
894 2882 1010 2920 non
1037 2872 1305 2920 verentur
1331 2862 1392 2919 in
1420 2883 1593 2938 grave
1619 2864 1951 2922 scandalum
1981 2866 2384 2941 plurimorum,
2400 2887 2466 2924 ac
2486 2868 2804 2925 animarum
2826 2888 3063 2926 suarum

378 2955 695 3027 periculum3
735 2965 1080 3031 quapropter
1108 2954 1371 3028 praesenti
1398 2965 1613 3012 statuto
1640 2954 1887 3030 singulis
1913 2954 2132 3020 uetanis
2163 2950 2224 3016 in
2252 2958 2466 3017 virtute
2493 2970 2697 3017 sanctae
2727 2960 3064 3017 obedientiae

379 3043 598 3104 districte
647 3045 1024 3123 praecipiendo
1073 3045 1425 3111 mandamus,
1467 3040 1746 3120 quatenus
1788 3066 1982 3104 omnes
2022 3047 2325 3107 confratres
2361 3070 2495 3108 suos
2550 3071 2617 3110 ex
2661 3062 2818 3127 parte
2871 3054 3063 3109 nostrii

380 3133 659 3212 diligenter
700 3148 985 3202 moneant,
1017 3147 1073 3193 et
1117 3137 1425 3212 requirant,
1459 3157 1529 3195 ne
1575 3148 1699 3213 post
1744 3150 2034 3213 peractum
2077 3139 2339 3198 divinum
2385 3141 2783 3210 ministerium,
2823 3142 2880 3200 in
2931 3163 3063 3202 con-

380 3234 624 3303 temptum
652 3239 707 3287 et
736 3227 1160 3285 irreverentiam
1180 3227 1395 3285 ordinis
1421 3228 1699 3285 clericalis
1730 3228 1827 3289 ita.
1856 3238 1922 3284 ut
1952 3228 2261 3303 praefertur,
2291 3251 2348 3288 se
2377 3232 2657 3291 inebriare
2688 3246 3065 3309 praesumant3

383 3318 461 3373 sed
497 3319 775 3395 praemissa
816 3317 1070 3376 oratione
1108 3319 1181 3375 ad
1223 3319 1604 3376 necessarium
1646 3319 2007 3376 refectionem
2036 3321 2108 3377 ad
2135 3321 2457 3396 prandium,
2486 3334 2541 3381 et
2579 3325 2800 3381 tabulas
2827 3321 3064 3383 discrete

384 3409 647 3477 resideant,
673 3431 779 3468 nec
818 3410 1056 3484 plausus
1091 3421 1148 3468 et
1185 3409 1334 3467 risus
1376 3409 1712 3477 inconditos,
1740 3411 2032 3469 fabulasve
2059 3410 2278 3478 inanes,
2304 3424 2406 3470 aut
2435 3425 2631 3493 turpes
2648 3417 2825 3490 jocos,
2853 3412 3063 3475 ibidem

386 3499 606 3570 referant,
634 3502 731 3561 sed
760 3520 912 3559 unus
939 3501 1192 3576 ipsorum
1222 3502 1438 3577 aliquis
1461 3502 1530 3558 de
1552 3503 1721 3559 sacris
1743 3501 1926 3560 literis
1947 3501 2021 3558 ad
2044 3521 2296 3560 mensam
2324 3504 2512 3579 legat:
2555 3519 2680 3583 post
2701 3509 3066 3568 refectionem

386 3606 494 3647 vero
518 3594 775 3669 exemplo
802 3591 1110 3651 Dominico
1135 3594 1411 3669 hymnum
1442 3593 1561 3650 sive
1599 3592 1811 3668 gratias
1848 3594 2019 3660 dicat,
2056 3604 2113 3651 et
2144 3614 2202 3653 se
2240 3614 2432 3655 omnes
2463 3599 2786 3660 contineant
2823 3598 3069 3660 maxime

387 3675 437 3734 in
476 3684 673 3741 talibus
716 3682 874 3751 locis,
906 3695 972 3740 ut
1015 3704 1131 3741 non
1164 3684 1523 3760 vituperetur
1566 3685 1799 3742 illorum
1841 3685 2240 3743 ministerium.
2322 3689 2384 3746 Si
2423 3686 2556 3749 vero
2591 3712 2919 3770 quenquam
2961 3693 3067 3752 hoc

388 3786 595 3842 praesens
638 3786 901 3833 nostrum
943 3785 1224 3833 statutum
1260 3776 1473 3834 violare
1510 3776 1611 3849 (ad
1653 3776 2140 3835 denuntiationem
2183 3778 2387 3848 Bataui,
2414 3802 2588 3857 quam
2629 3785 2779 3842 infra
2820 3804 3069 3843 mensem

390 3860 476 3917 sub
509 3868 664 3938 poenfi
706 3866 1096 3940 suspensionis
1141 3867 1320 3925 facere
1365 3872 1614 3949 tenetur)
1653 3881 2006 3944 compertum
2051 3870 2243 3939 fuerit,
2288 3874 2557 3932 volumus
2602 3877 2848 3937 eundem
2893 3876 3070 3953 digna

389 3952 836 4015 animadversione
863 3957 935 4014 ad
963 3957 1235 4016 abitrium
1263 3959 1463 4017 vicarii
1492 3959 1672 4017 nostri
1699 3979 1873 4035 quam
1899 3959 2168 4019 acerrime
2196 3964 2406 4039 puniri.

455 4038 684 4108 Dttauiss
716 4046 888 4104 etiam
922 4047 981 4104 in
1010 4050 1220 4108 virtute
1265 4061 1475 4108 sanctae
1513 4051 1848 4109 obedientiae
1885 4052 2238 4120 mandamus,
2268 4051 2546 4129 quatenus
2574 4058 2635 4115 in
2663 4058 2910 4135 sing-ulis
2937 4078 3068 4116 con-

392 4135 749 4195 vocationibus
813 4140 1182 4199 collecturam
1248 4142 1474 4199 fabricae
1536 4142 1787 4201 ecclesiae
1839 4143 2270 4202 Ratisbonensis
2328 4146 2633 4225 diligenter
2685 4159 3070 4224 promoveant,

395 4218 672 4302 faciantque
699 4225 737 4286 a
761 4231 1147 4290 confratribus
1176 4233 1295 4291 suis
1324 4234 1558 4293 eandem
1589 4255 1725 4292 cum
1761 4233 2065 4310 diligentia
2099 4238 2448 4314 temporibus
2490 4240 2775 4298 consuetis
2807 4235 3072 4296 similiter
