3882 5037
430 477 597 534 Sscr.
623 476 740 532 ΙΙΙ.
782 478 863 551 2.]
1476 470 1719 534 Diome
1748 471 1808 532 of
1832 472 2153 554 mesanum.
3012 466 3166 541 227

510 672 866 730 Recedentes
908 670 1115 738 curati,
1145 673 1236 730 vel
1277 671 1476 730 vicarii
1517 691 1715 730 eorum
1756 694 1790 731 a
1831 672 2048 750 synodo
2082 672 2243 746 Maji,
2280 670 2565 746 accipiant
2605 680 2825 729 sanctas
2866 669 3164 727 unctiones

429 775 704 828 recentes,
730 774 786 821 et
812 759 1048 821 honeste
1075 763 1348 831 deferant,
1372 784 1490 823 non
1518 765 1935 823 committentes
1963 785 2059 824 eas
2087 763 2251 822 laicis
2276 762 2617 821 hominibus.
2701 761 2758 819 A
2784 760 3000 837 synodo
3029 757 3164 818 verb

426 853 717 911 Autumni
745 853 1005 911 tabulam
1033 854 1343 913 calendarii
1372 866 1430 913 et
1457 855 1628 915 officii
1655 857 1946 932 sequentis
1972 856 2130 922 anni,
2158 855 2208 914 si
2233 874 2362 931 quae
2392 855 2555 912 factae
2596 853 2826 921 fuerint,
2855 852 3163 930 accipient:

426 956 485 1002 et
513 957 829 1020 utrumque
855 940 1033 1021 gratis
1063 945 1308 1003 dabitur.

1179 1237 1395 1296 SEC'P.
1420 1239 1678 1298 111.—2.
1720 1238 1962 1306 Btotaese
1990 1241 2049 1301 ot
2075 1241 2394 1322 mesanum.

538 1364 772 1424 Du‘rms
799 1382 870 1422 or
895 1362 1102 1428 Beana
1131 1362 1342 1433 nutat,
1370 1386 1447 1425 oa
1471 1364 1854 1444 fflttbpritats,
1884 1389 1956 1427 or
1984 1389 2099 1428 ‘rna
2127 1369 2382 1427 Dmczsn
2407 1387 2475 1426 01²·
2505 1367 2831 1443 stmqos,
2859 1385 3055 1425 unns-n
3085 1437 3095 1447 υ

695 1468 955 1527 chrs
980 1469 1203 1528 Jossrn
1233 1470 1587 1541 Gammom,
1615 1474 1989 1532 Ancnmsnop
2016 1492 2086 1532 οι*
2113 1473 2440 1548 ΒεεΑΝςοΝ,
2470 1472 2620 1530 AJ).
2638 1490 2891 1530 muccvn.

507 1616 548 1653 1.
593 1597 989 1662 QUONIAM
1023 1598 1204 1676 exigit
1242 1611 1435 1658 sancta
1460 1602 1800 1662 Tridentina
1839 1604 2109 1681 synodus,
2150 1614 2217 1660 ut
2256 1602 2329 1660 iis
2372 1596 2595 1660 tantilm
2635 1600 2947 1659 ministeria
2984 1602 3158 1659 eccle-

420 1686 658 1746 siastica
696 1690 1145 1758 committantur,
1171 1693 1277 1767 qui
1316 1695 1562 1754 residere
1602 1695 1664 1753 in
1704 1696 1860 1763 locis,
1887 1706 1947 1753 et
1987 1715 2181 1752 curam
2223 1715 2325 1773 per
2364 1695 2577 1772 seipsos
2616 1713 2872 1752 exercere
2901 1693 3163 1750 valeant:

423 1778 730 1838 Nolumus
756 1801 1106 1858 quemquam
1134 1787 1460 1846 bannorum
1490 1798 1811 1846 nostrorum
1841 1782 2136 1853 ruralium,
2165 1785 2279 1844 nisi
2311 1786 2649 1861 gravissima
2676 1806 2744 1845 ex
2774 1789 2945 1844 causa
2972 1786 3160 1843 nobis-

422 1882 546 1927 met
588 1871 821 1948 cognita
858 1885 917 1931 et
957 1876 1199 1952 probata
1239 1878 1300 1934 in
1340 1879 1564 1956 scriptis
1605 1890 1765 1938 extra
1799 1881 2124 1938 Bctanatum
2164 1898 2334 1936 suum
2375 1879 2651 1938 resideret
2711 1878 3161 1952 mandamusque

422 1960 584 2019 intra
610 1983 861 2022 mensem
886 1960 925 2023 ὃ,
951 1968 1215 2043 praesenti
1245 1969 1460 2046 synodo
1489 1980 1699 2028 statuto
1725 1969 1858 2028 huic
1884 1981 2080 2029 nostro
2108 1969 2232 2029 fieri
2260 1970 2409 2038 satis,
2436 1981 2492 2028 et
2520 1991 2735 2029 morem
2763 1969 2907 2045 geri.

509 2073 579 2111 11.
619 2055 882 2131 Singulis
926 2078 1157 2134 quoque
1199 2060 1365 2118 annis
1404 2061 1475 2117 ad
1519 2061 1801 2138 synodum
1841 2061 2136 2120 conserant
2175 2062 2423 2120 indicem
2462 2060 2720 2119 omnium
2767 2058 3163 2137 parochiarum

419 2166 666 2203 suorum
695 2150 1060 2209 betanatuum
1090 2152 1386 2229 adscriptis
1416 2171 1613 2211 eorum
1636 2153 1985 2219 nominibus,
2013 2153 2116 2229 qui
2145 2153 2471 2212 earumdem
2499 2154 2592 2211 vel
2620 2152 3049 2217 institutionem,
3067 2150 3160 2208 vel

419 2237 980 2300 administrationem
1008 2245 1406 2322 temporariam
1450 2244 1822 2313 obtinuerint,
1852 2265 1985 2303 cum
2026 2248 2288 2322 expressa
2328 2244 2692 2304 ecclesiarum
2735 2241 3160 2316 designatione3

416 2347 558 2403 quae
606 2349 737 2387 cum
785 2334 1018 2411 proprio
1060 2347 1281 2412 pastore
1328 2347 1574 2404 careant,
1630 2348 1687 2395 et
1730 2336 1883 2395 hisce
1927 2336 2093 2395 bellis
2147 2337 2347 2395 eodem
2397 2335 2649 2411 spoliatae
2693 2333 2823 2399 sint,
2873 2332 3159 2390 neminem

416 2417 666 2478 omnino
715 2423 942 2490 habent,
977 2427 1080 2502 qui
1120 2438 1469 2486 sacramenta
1508 2427 1646 2505 ipsis
1689 2427 2085 2496 administret;
2141 2428 2317 2502 idque
2359 2447 2427 2486 eo
2473 2425 2730 2491 consili0,
2778 2434 2845 2481 ut
2894 2422 3160 2482 viciniori

419 2513 679 2588 parocho
705 2514 820 2574 loci
849 2515 1011 2576 illius
1038 2540 1180 2577 cura
1197 2520 1548 2596 injungatur,
1573 2540 1704 2578 cum
1734 2518 2090 2597 perceptione
2117 2520 2428 2587 fructuum,
2458 2521 2553 2578 vel
2579 2504 2651 2576 ad
2678 2527 2892 2575 certum
2921 2527 3160 2592 tempus,

417 2605 517 2661 vel
547 2603 732 2663 donec
761 2619 930 2666 aucto
960 2609 1098 2667 cleri
1125 2630 1366 2669 numero
1390 2607 1558 2668 aliter
1587 2611 1968 2688 provideatur.

505 2714 604 2753 ιιι.
646 2697 863 2756 Iisdem
908 2696 1180 2777 praeterea
1220 2701 1603 2777 injungimus,
1651 2712 1719 2759 ut
1760 2696 1938 2768 illico,
1984 2700 2175 2758 Pestis
2216 2700 2589 2760 Paschalibus
2630 2699 2929 2766 absolutis,
2976 2719 3160 2757 sacras

421 2787 729 2846 unctiones
756 2788 1062 2866 quotannis
1083 2793 1192 2870 ipsi
1222 2792 1577 2860 distribuant,
1605 2804 1663 2851 et
1704 2792 1827 2870 pari
1866 2813 1998 2851 cum
2039 2792 2344 2868 diligentia
2383 2792 2665 2869 quidquid
2695 2804 2885 2850 nostro
2913 2792 3160 2857 nominc,

419 2898 528 2937 seu
572 2880 831 2939 moribus
871 2882 1252 2951 restituendis,
1282 2905 1382 2942 seu
1408 2884 1670 2962 precibus
1697 2905 1801 2962 pro
1828 2885 2011 2942 salute
2039 2883 2379 2959 principum,
2408 2894 2510 2941 aut
2540 2883 2656 2941 alia
2684 2883 2942 2958 qualibet
2968 2886 3159 2949 causa,

419 2970 764 3040 indicendis,
785 2993 884 3049 per
911 2974 1196 3032 dioecesim
1225 2975 1579 3051 vulgabitur,
1599 2986 1953 3050 exequantur
1978 2974 2106 3052 ipsi,
2124 2975 2216 3031 vel
2243 2975 2317 3033 ab
2347 2974 2477 3032 aliis
2504 2975 2626 3033 sine
2653 2978 2813 3032 mora
2841 2972 3160 3031 executioni

421 3062 686 3119 mandari
714 3075 1013 3140 procurent
1040 3065 1147 3122 sub
1176 3068 1341 3142 poenfi
1376 3076 1571 3123 contra.
1598 3066 1856 3124 remissos
1883 3076 1938 3123 et
1965 3065 2324 3142 negligentes
2353 3064 2698 3122 arbitranda.

506 3154 598 3210 Ut
623 3149 840 3213 faciliiis
868 3156 1043 3214 totius
1070 3155 1323 3215 dioecesis
1348 3168 1571 3222 nostrae,
1596 3156 1908 3233 praesertim
1935 3156 2303 3214 ecclesiarum
2333 3166 2510 3212 status
2537 3155 2738 3213 notitia
2778 3153 2851 3232 ad
2890 3176 2994 3213 nos
3034 3174 3158 3232 per-

419 3244 652 3302 veniat:
707 3245 1013 3305 statuimus
1051 3249 1285 3309 betanus
1327 3245 1545 3310 rurales
1585 3248 1971 3325 imposterum,
2012 3248 2151 3304 dum
2192 3266 2378 3304 sacras
2418 3246 2716 3304 unctiones
2757 3265 2861 3303 suo
2904 3257 3157 3320 tempore

419 3336 787 3405 distribuent,
830 3339 1037 3396 debere
1096 3337 1356 3414 singulas
1401 3338 1697 3415 parochias
1745 3335 2076 3414 singulatim
2132 3348 2190 3395 et
2247 3333 2615 3414 personaliter
2664 3337 2924 3402 lustrare,
2969 3356 3156 3410 neque

420 3427 675 3505 amplius
720 3429 1113 3487 convocandos
1157 3430 1422 3487 volumus
1467 3430 1739 3507 parochos
1781 3431 1855 3487 ad
1896 3429 2165 3486 stationes
2205 3429 2541 3504 singulares,
2567 3448 2696 3503 quae
2735 3428 2797 3485 in
2829 3428 3042 3485 alienos
3082 3428 3155 3485 ab

416 3520 694 3578 instituto
719 3521 936 3578 abusus
964 3520 1409 3595 degenerarent3
1459 3519 1791 3578 mandantes
1832 3519 2034 3578 iisdem
2075 3517 2297 3582 uetanis
2339 3516 2641 3585 ruralibus,
2670 3513 2948 3593 quatenus
2987 3514 3158 3576 antea

419 3621 696 3670 moneant
720 3612 997 3689 parochos
1023 3611 1172 3669 circa
1199 3622 1424 3687 tempus
1446 3631 1562 3668 suae
1592 3610 1952 3678 visitationis,
1982 3622 2047 3668 ut
2075 3632 2142 3670 eo
2173 3622 2424 3688 tempore
2454 3610 2516 3667 in
2544 3610 2661 3667 suis
2694 3609 2974 3686 parochiis
3015 3629 3152 3686 prae-

416 3715 613 3762 sentes
638 3704 843 3771 adsint,
859 3698 1003 3761 alias
1030 3703 1080 3761 si
1106 3702 1395 3761 abfuerint
1423 3701 1559 3761 dicti
1587 3703 1836 3781 parochi,
1854 3702 2096 3780 propriis
2114 3702 2435 3780 sumptibus
2461 3702 2535 3759 ad
2561 3701 2899 3759 unctionum
2927 3721 3152 3778 suscep-

417 3796 641 3854 tionem
671 3806 978 3854 recurrent.

500 3905 560 3944 v.
601 3887 685 3945 Ut
703 3898 980 3945 statutum
1002 3885 1170 3944 annis
1197 3884 1583 3963 superioribus
1612 3883 1850 3950 editum,
1869 3884 2019 3942 circa
2046 3884 2446 3960 parochiarum
2468 3884 2849 3943 visitationem
2873 3878 2912 3942 a
2930 3882 3152 3946 uetanis

417 3976 714 4042 tatalibus
741 3974 1048 4055 quotannis
1076 3977 1494 4054 perficiendam,
1525 3995 1695 4034 suum
1735 3986 2113 4051 consequatur
2151 3976 2434 4040 effectum,
2461 3975 2662 4034 iisdem
2704 3976 3058 4044 mandamus,
3087 3987 3154 4033 ut

419 4065 847 4148 quamprimum
878 4070 951 4128 ad
980 4069 1239 4144 aliquam
1262 4068 1553 4128 ecclesiam
1581 4067 1933 4134 accesserint,
1962 4066 2222 4125 scabinos
2251 4077 2307 4125 et
2335 4066 2647 4144 praecipuos
2680 4067 3052 4143 parochianos
3078 4067 3152 4123 ad

417 4182 627 4221 sonum
655 4181 950 4239 campanae
978 4172 1305 4227 convocent,
1322 4160 1573 4238 ipsisque
1599 4158 1974 4236 presentibus
2002 4179 2160 4216 sacra
2186 4158 2452 4216 universa
2472 4153 2792 4216 reverenter
2812 4168 2868 4214 et
2889 4152 3151 4215 accurate

417 4255 787 4330 perlustrent,
813 4253 1142 4331 incipiendo
1181 4254 1253 4311 ab
1295 4250 1690 4328 augustissimi
1730 4250 2066 4308 sacramenti
2106 4249 2486 4315 tabernacuIO,
2515 4247 2848 4321 caeterisque
2890 4246 3038 4304 vasis
3077 4246 3148 4302 ad

415 4346 647 4403 cultum
690 4343 976 4403 Divinum
1019 4343 1315 4422 deputatis.
1421 4343 1735 4401 Attendant
1778 4341 1999 4467 d2einde,
2047 4351 2243 4398 utrum
2287 4342 2508 4415 lampas
2551 4358 2737 4396 coram
2792 4337 2987 4395 eodem
3032 4337 3150 4402 SS.,

1751 4435 1780 4473 e
