3882 5037
788 485 940 558 302
1568 478 2331 557 ffippmbtx.—OEontintnta1
2360 480 2728 546 Botummts.
3240 486 3432 559 [Pin-1·
3457 489 3506 545 Ι.

1556 722 1772 780 SECT.
1802 722 1877 779 V.
1904 719 2285 786 2.—Biottsoe
2314 722 2373 782 of
2397 720 2740 787 Θοιιβῐαιιεε.

997 851 1212 909 Omen
1242 869 1310 907 οε·
1336 846 1509 908 Dran
1537 846 1729 909 Rutal
1762 869 1826 908 m
1854 871 1970 909 mr.
1998 853 2254 910 Dmcssa
2278 871 2348 910 οε·
2376 854 2733 919 Consi-moa,
2759 871 2958 910 mmm
2984 853 3292 911 Caanmn.

1331 941 1514 999 MAax
1543 943 1716 1009 Srrlc,
1747 945 1967 1001 B1sn01·
1996 962 2067 1001 οε·
2095 945 2452 1012 Consu-Anca,
2477 945 2627 1003 A.D.
2645 946 2948 1003 nnuma*

866 1073 905 1111 1.
962 1052 1376 1110 MAXIMAM
1419 1048 1669 1130 profecto
1712 1053 1831 1111 vim
1877 1074 1945 1111 ac
1987 1054 2375 1113 necessitatem
2419 1056 2591 1113 habet
2639 1056 2742 1114 illa
2784 1055 3022 1114 Domini
3081 1055 3365 1115 sententia
3405 1074 3511 1130 per

784 1144 1126 1221 Prophetam
1152 1143 1424 1201 dicentis:
1464 1145 1886 1220 Speculatorem
1917 1144 2052 1201 dedi
2080 1157 2131 1203 te
2161 1146 2355 1203 domui
2374 1147 2585 1205 Israel:
2627 1156 2686 1205 et
2713 1147 2830 1204 alio
2856 1142 2993 1204 item
3020 1146 3163 1214 loc0,
3183 1145 3518 1220 Diligenter

785 1255 1027 1312 agnosce
1055 1236 1276 1292 vultum
1306 1235 1523 1311 pecoris
1551 1236 1655 1302 tui,
1682 1246 1739 1292 et
1764 1235 2057 1294 considera
2085 1256 2258 1314 super
2286 1257 2492 1313 greges
2527 1249 2685 1296 tuos:
2727 1248 2793 1295 ut
2832 1237 3081 1314 episcopi
3124 1257 3358 1313 gregem
3402 1236 3516 1294 sibi

784 1322 823 1384 ὲ,
853 1327 978 1384 Deo
1019 1327 1495 1391 commendatum,
1523 1330 1739 1400 quanta
1782 1327 2034 1384 maxima
2080 1338 2319 1403 possunt
2363 1328 2684 1403 vigilantia,
2726 1328 3044 1393 observent,
3086 1346 3272 1402 neque
3314 1328 3512 1385 oculos

785 1419 859 1476 ab
887 1438 956 1475 eo
985 1437 1242 1493 unquam
1271 1417 1569 1491 dejiciant:
1612 1418 2140 1484 animadvertentes,
2168 1420 2309 1493 quid
2337 1421 2390 1478 ei
2418 1440 2563 1497 opus
2604 1421 2697 1488 sit,
2726 1431 2782 1479 et
2810 1420 3122 1478 confractas
3157 1432 3342 1496 partes
3384 1419 3515 1476 alli-

787 1529 939 1586 gare,
968 1509 1221 1567 infirmas
1262 1510 1636 1576 consolidare,
1665 1522 1903 1585 teg-rotas
1946 1529 2162 1576 sanare,
2193 1511 2433 1585 abjectas
2464 1531 2598 1569 oves
2625 1511 2907 1576 reducere,
2934 1509 3181 1585 perditas
3209 1510 3515 1585 requirere,

786 1614 845 1660 et
874 1622 1205 1679 recuperare
1233 1601 1463 1679 pomint.
1545 1603 2029 1677 Quandoquidem
2047 1598 2183 1659 vero
2205 1602 2452 1680 episcopi
2473 1603 2717 1680 propriis
2746 1600 2928 1660 oculis
2956 1601 3149 1658 omnia
3170 1601 3518 1678 perlustrare

786 1704 1099 1770 nequeunt,
1127 1704 1184 1750 et
1225 1688 1521 1770 propterea
1564 1688 1720 1750 ultra
1771 1693 2013 1750 vicarios
2059 1702 2118 1750 et
2156 1692 2494 1760 visitatores,
2523 1694 2584 1752 in
2626 1692 2874 1767 singulis
2914 1691 3240 1749 dioecesium
3282 1711 3518 1748 suarum

788 1784 1138 1860 regiunculis
1159 1796 1339 1842 certos
1365 1795 1421 1842 et
1450 1784 1714 1860 probatos
1741 1784 1893 1842 viros
1915 1784 2170 1860 deligere
2190 1796 2624 1851 consueverunt,
2645 1784 2749 1860 qui
2775 1782 3140 1858 investigent,
3163 1802 3239 1839 an
3266 1782 3518 1859 populus

787 1877 1046 1934 ambulet
1071 1875 1134 1934 in
1161 1875 1269 1933 viis
1298 1874 1554 1941 Domini,
1585 1895 1660 1932 an
1688 1875 1911 1950 aliquid
1940 1876 2030 1942 sit,
2060 1876 2220 1951 quod
2260 1875 2506 1953 episcopi
2546 1876 2929 1952 cognitionem
2951 1885 3009 1932 et
3049 1873 3386 1932 medicinam
3418 1875 3518 1931 de-

785 1968 1023 2028 sideret:
1063 1988 1138 2025 an
1182 1967 1421 2044 aliquid,
1454 1967 1612 2043 quod
1641 1966 1854 2042 corrigi
1882 1978 1941 2024 et
1967 1967 2255 2025 emendari
2297 1967 2540 2037 debeat3
2578 1986 2817 2043 quaeque
2858 1966 3239 2042 compererint
3281 1967 3353 2023 ad
3395 1966 3517 2043 epi-

786 2080 982 2138 scopos
1025 2080 1159 2119 suos
1197 2055 1440 2118 fideliter
1481 2059 1767 2117 deferant:
1826 2060 1927 2117 hos
1971 2057 2034 2116 iu
2079 2059 2371 2134 aliquibus
2411 2060 2551 2117 locis
2592 2057 3036 2126 archidiaconos,
3062 2057 3125 2115 in
3167 2057 3296 2115 aliis
3338 2055 3519 2126 atthi-

789 2152 1141 2229 pttsbgtttos
1168 2164 1388 2221 vocant,
1416 2153 1475 2210 in
1506 2155 1701 2211 nostra
1726 2160 1919 2208 autem
1949 2150 2182 2209 dioecesi
2208 2154 2534 2211 betanotum
2560 2146 2836 2209 ruralium
2864 2149 3093 2208 nomine
3123 2161 3436 2209 censentur.

868 2266 932 2304 11.
972 2246 1122 2303 Cum
1164 2245 1390 2322 aliquis,
1433 2257 1668 2305 vacante
1714 2246 2000 2310 Uscanam,
2049 2238 2088 2300 ὲ,
2135 2243 2491 2319 regiunculae
2535 2263 2670 2309 suae,
2711 2261 2887 2318 quam
2937 2237 3241 2315 tupitulum
3292 2252 3519 2308 vocant,

786 2337 1173 2396 sacerdotibus
1216 2337 1478 2413 legitimo
1521 2336 1813 2396 electionis
1859 2354 2127 2412 processu
2166 2334 2275 2392 rite
2316 2344 2556 2401 servat0,
2585 2337 2647 2391 in
2687 2336 2950 2393 hunnum
2988 2332 3203 2390 electus
3243 2332 3435 2399 fuerit,
3466 2332 3521 2389 is

785 2426 968 2505 primo
1009 2450 1240 2505 quoque
1279 2439 1533 2508 tempore
1573 2428 1755 2495 nobis,
1783 2428 1877 2486 vel
1917 2426 2133 2485 vicario
2172 2438 2365 2485 nostro
2393 2426 2453 2484 in
2484 2425 2883 2501 spiritualibus
2909 2425 3334 2482 confirmandus
3375 2444 3519 2500 prae-

785 2524 997 2582 sentari
1051 2524 1229 2582 debet.
1313 2524 1552 2582 Interim
1596 2533 1794 2583 caveat
1837 2520 2070 2588 electus,
2115 2520 2338 2596 sibique
2384 2520 2493 2577 sub
2537 2521 2709 2596 poena
2752 2515 3347 2575 excommunicationis
3387 2517 3521 2574 latae

785 2616 1075 2673 sententiae
1117 2614 1242 2691 ipso
1282 2613 1428 2673 facto
1481 2613 1904 2678 committenda,
1933 2611 2302 2670 interdictum
2343 2610 2496 2676 sciat,
2525 2629 2597 2667 ne
2637 2608 2824 2666 officio
2863 2604 3053 2668 betani
3087 2609 3382 2686 fungatur,
3409 2629 3520 2667 nee

785 2724 845 2762 se
889 2705 1059 2761 talem
1100 2703 1413 2772 nominare,
1443 2715 1649 2770 tenere,
1679 2705 1768 2763 vel
1809 2704 2054 2762 scribere
2096 2712 2422 2779 praesumat,
2450 2711 2552 2759 aut
2592 2701 2664 2758 ab
2697 2700 2827 2759 aliis
2864 2699 3168 2767 nominari,
3194 2700 3393 2768 teneri,
3426 2703 3520 2760 vel

785 2794 955 2852 scribi
984 2794 1178 2870 aliquo
1205 2794 1374 2852 modo
1401 2795 1667 2872 patiatur,
1685 2805 1990 2870 antequam
2018 2794 2504 2852 confirmationem
2525 2814 2688 2851 suam
2711 2790 2748 2850 a
2767 2793 2951 2859 nobis,
2969 2794 3063 2850 vel
3085 2792 3299 2850 vicario
3321 2803 3521 2851 nostro

784 2885 1113 2943 obtinuerit.
1195 2885 1419 2942 Nullus
1459 2895 1646 2943 autem
1688 2884 1747 2940 in
1787 2886 2053 2943 bannum
2094 2880 2337 2941 tutulum
2365 2883 2504 2960 eligi
2534 2884 2727 2961 possit,
2753 2882 2868 2941 nisi
2893 2882 3101 2959 aliquis
3128 2904 3198 2941 ex
3227 2882 3520 2959 parochia-

784 2975 928 3033 lium
957 2975 1324 3033 ecclesiarum
1352 2974 1510 3032 illius
1537 2970 1785 3050 tapittssi,
1811 2977 1975 3049 cujus
2000 2977 2302 3036 betauatuss
2333 2986 2513 3042 vacat,
2544 2975 2883 3052 pastoribus,
2914 2995 3016 3033 seu
3045 2974 3270 3033 vicariis
3311 2993 3517 3051 perpe·

787 3066 918 3133 tuis,
947 3062 1212 3124 canonice
1244 3065 1536 3133 institutis,
1568 3077 1626 3123 et
1651 3066 1754 3141 qui
1781 3067 1936 3144 apud
1965 3086 2130 3123 suam
2159 3066 2456 3125 ecclesiam
2498 3063 2770 3125 continuo
2813 3065 3071 3132 resideat,
3100 3066 3212 3124 nisi
3239 3067 3405 3124 nobis
3445 3087 3518 3124 ex

786 3160 996 3234 magna
1022 3168 1079 3217 et
1104 3156 1368 3232 legitima
1395 3160 1567 3216 causa
1593 3158 1759 3215 aliter
1786 3158 1976 3216 visum
2005 3158 2212 3227 fuerit;
2255 3177 2363 3215 nec
2391 3158 2601 3234 aliquis
2629 3160 2690 3216 in
2718 3158 2996 3217 electione
3023 3155 3233 3225 betaui,
3252 3169 3354 3216 aut
3381 3158 3518 3216 aliis

782 3248 1028 3325 negotiis
1056 3247 1485 3325 capitularibus,
1513 3261 1713 3307 votum
1743 3251 1970 3316 habeat,
1999 3269 2101 3308 nec
2128 3249 2201 3307 ad
2229 3247 2533 3325 tupitulum
2563 3251 2686 3308 ullo
2718 3249 2888 3307 modo
2928 3248 3281 3316 admittatur,
3309 3249 3421 3307 nisi
3462 3261 3521 3308 et

786 3340 908 3416 ipse
952 3341 1246 3415 parochus,
1278 3342 1370 3399 vel
1396 3340 1648 3400 vicarius
1674 3352 1990 3419 perpetuus
2017 3341 2263 3415 alicujus
2291 3341 2542 3400 ecclesiae
2569 3342 2822 3416 ejusdem
2853 3337 3111 3415 capituli,
3140 3338 3517 3416 legitimeque

781 3427 820 3490 ὲ
868 3433 1050 3500 nobis,
1093 3435 1187 3492 vel
1232 3433 1444 3492 vicario
1489 3445 1686 3492 nostro
1734 3434 2035 3492 institutus
2079 3434 2169 3491 sit.
2254 3435 2325 3491 In
2371 3433 2571 3511 primis
2616 3444 2812 3491 autem
2860 3442 3062 3490 curent
3107 3433 3386 3499 electores,
3439 3453 3517 3490 ne

780 3542 1122 3599 quenquam,
1151 3524 1262 3583 nisi
1290 3535 1567 3601 spectatae,
1600 3526 1964 3601 probataeque
1991 3525 2140 3591 vitae,
2167 3524 2496 3583 sufficientis
2537 3523 2873 3582 eruditionis
2900 3533 3071 3598 atque
3099 3523 3417 3600 prudentiae
3448 3524 3514 3580 in

780 3617 1045 3675 betanum
1086 3614 1320 3691 eligant,
1349 3616 1562 3684 scituri,
1593 3617 1748 3692 quod
1788 3637 1891 3675 nos
1933 3617 2304 3674 fornicatores
2345 3627 2403 3675 et
2442 3616 2897 3683 concubinarios,
2938 3616 3137 3673 aliisve
3179 3614 3511 3673 enormibus

784 3705 937 3763 vitiis
964 3705 1385 3772 contaminatos,
1418 3708 1478 3764 in
1514 3710 1747 3769 betanoss
1787 3708 2014 3773 electos,
2051 3707 2214 3764 nullo
2255 3707 2423 3765 modo
2469 3707 2877 3773 confirmaturi,
2914 3707 3010 3765 sed
3048 3706 3246 3763 habita
3277 3706 3517 3781 inquisi-

785 3796 953 3863 tione,
981 3796 1394 3871 negligentiam
1438 3815 1637 3854 eorum
1667 3798 1728 3855 in
1757 3797 2043 3871 eligendo,
2071 3792 2305 3854 alten-ihs
2333 3797 2520 3872 magis
2547 3797 2741 3856 idonei
2773 3808 2831 3854 et
2858 3795 3216 3873 exemplaris,
3246 3795 3417 3852 etiam
3448 3815 3517 3852 ex

785 3886 1096 3953 sacellanis,
1129 3887 1178 3944 si
1215 3886 1364 3945 inter
1406 3900 1659 3965 pastores
1701 3888 2034 3946 idoneorom
2075 3887 2239 3965 copia
2280 3907 2395 3946 non
2439 3899 2600 3955 esset,
2640 3888 2933 3956 electione,
2971 3887 3154 3955 toties,
3188 3886 3412 3962 quotioe
3458 3885 3518 3942 id

785 3977 1108 4053 contigerit,
1139 3978 1480 4037 auctoritate
1507 3983 1702 4037 nostra
1731 3980 2024 4038 ordinaria
2053 3980 2374 4057 suppleturi
2401 3979 2594 4037 simus.

849 4206 878 4233 ⁴*
911 4202 1033 4252 Less
1067 4203 1482 4269 comprehensive
1524 4203 1851 4253 instructions
1886 4204 1962 4253 for
1993 4208 2158 4258 umus
2195 4204 2334 4259 πατεῖ
2371 4205 2428 4254 of
2449 4207 2537 4253 the
2573 4220 2709 4254 same
2746 4204 2945 4252 diocese
2976 4215 3108 4251 were
3146 4200 3315 4249 drawn
3348 4213 3417 4261 up
3451 4196 3516 4258 by

785 4278 957 4328 James
1002 4279 1182 4346 bishop
1226 4280 1283 4329 of
1310 4278 1598 4339 Constance‚
1622 4280 1754 4330 ΑΛ).
1781 4282 2125 4331 iunctm—See
2164 4284 2266 4332 CC.
2290 4284 2588 4344 Germania,
2616 4281 2757 4330 Tom.
2774 4294 2884 4329 vm.
2909 4294 2957 4343 p.
2978 4279 3090 4326 895.
3193 4275 3303 4325 The
3333 4276 3518 4322 Forma

781 4357 1071 4407 Jummenti
1095 4356 1399 4411 memorum
1420 4354 1700 4409 natalium
1724 4356 1780 4405 in
1801 4358 1889 4406 the
1914 4358 2067 4407 latter
2089 4358 2133 4407 is
2156 4373 2297 4408 more
2325 4358 2473 4408 brief.
