3882 5037
284 481 427 537 Sec-r.
446 478 555 536 IX.
591 478 662 550 l.]
1326 474 1568 540 &intest
1597 476 1654 535 of
1679 473 1945 543 (thesin.
2851 487 3000 560 373

285 678 503 752 probata
557 676 926 747 (criminibus
981 674 1236 733 simoniae
1291 683 1347 731 et
1399 673 1627 731 haeresis
1680 667 1804 731 viz‘.
1854 676 2245 753 qual'cunque
2297 697 2663 754 personarum
2718 682 2997 742 duntaxat

284 770 538 845 exceptis)
578 765 958 828 ecclesiastice
998 766 1312 843 corrigend.
1357 766 1625 841 puniend.
1667 776 1725 823 et
1767 768 2105 825 reformand.
2192 770 2440 831 Necnon
2495 772 2567 829 ad
2625 774 2896 847 proband.
2937 786 2996 833 et

283 859 591 919 insinuand.
628 860 825 918 omnia
866 871 923 918 et
962 860 1194 936 singula
1233 868 1564 916 testamenta
1603 853 1861 933 legitime
1898 879 2089 918 coram
2130 871 2185 919 te
2224 864 2484 939 probata,
2524 864 2646 923 sive
2685 866 2992 942 probanda,

283 970 747 1026 quarumcunque
782 969 1153 1027 personarum
1193 949 1342 1007 infra
1377 949 1509 1007 dict.
1539 953 1785 1008 betauat.
1817 950 2076 1010 deceden.
2105 971 2354 1026 quarum
2390 966 2577 1014 tamen
2605 956 2753 1016 bona
2780 958 2994 1016 credita

280 1053 328 1097 et
349 1045 508 1101 catal.
536 1042 740 1100 mortis
781 1062 901 1100 suae
940 1055 1188 1118 tempore
1230 1039 1302 1097 ad
1331 1041 1552 1098 sufiiam
1592 1042 1980 1117 quadraginta
2017 1044 2299 1102 librarum
2338 1046 2408 1105 de
2447 1048 2601 1105 claro
2640 1068 2758 1105 non
2799 1060 2990 1108 exten·

281 1132 423 1191 dunt.
506 1134 594 1191 Ac
636 1134 809 1192 etiam
852 1133 1241 1192 executionem
1276 1132 1583 1190 eorundem
1613 1142 1991 1191 testamentor.
2016 1137 2320 1204 executori,
2348 1138 2466 1196 sive
2490 1139 2900 1206 executoribus,
2928 1142 2992 1199 in

277 1224 493 1297 eijsdem
548 1225 868 1291 nominato,
911 1225 1030 1284 sive
1083 1222 1409 1289 nominatis,
1460 1223 2123 1300 administrationemque
2179 1227 2457 1286 bonorum
2512 1249 2988 1306 quarumcunque

279 1334 641 1390 personarum
669 1316 742 1374 ab
770 1317 1051 1382 intestato,
1078 1315 1172 1373 vel
1196 1330 1237 1400 p
1261 1313 1356 1371 via
1383 1312 1649 1382 intestati,
1676 1314 1828 1372 infra
1858 1315 2075 1374 dictum
2106 1320 2424 1379 betanatum
2454 1320 2709 1378 deceden.
2737 1342 2987 1397 quorum

279 1407 411 1465 bona
448 1408 672 1466 credita
712 1418 771 1464 et
810 1407 1010 1465 catella
1049 1405 1121 1463 ad
1149 1403 1371 1463 suffiam
1399 1405 1515 1461 402.
1544 1422 1657 1462 non
1684 1407 2017 1473 extendunt,
2046 1408 2136 1466 illi
2166 1412 2260 1468 vel
2286 1410 2419 1478 illis,
2446 1412 2656 1485 quibus
2682 1412 2753 1469 de
2771 1414 2903 1486 jure
2931 1425 2988 1472 et

274 1499 481 1556 statutis
526 1499 702 1572 hujus
743 1499 933 1574 Regni
961 1497 1196 1573 Angliae
1236 1495 1510 1554 debeatur
1547 1487 1869 1553 coffiittend.
1953 1499 2203 1578 Insuper
2228 1502 2302 1560 ad
2332 1501 2635 1578 recipiend.
2660 1503 2986 1563 inventoria

277 1590 516 1647 omnium
563 1601 621 1646 et
662 1589 1022 1664 singulorum
1063 1587 1360 1654 bonorum,
1393 1587 1619 1659 jurium
1659 1584 1957 1656 creditii'm,
1999 1601 2057 1648 et
2108 1593 2461 1660 catellorum,
2505 1606 2622 1652 tam
2670 1596 2981 1655 eorundem

277 1680 619 1747 Testaffiium,
647 1700 819 1754 quam
859 1679 933 1737 ab
973 1680 1237 1737 intestato
1276 1677 1537 1735 deceden.
1557 1678 1725 1750 juxta
1740 1678 1891 1751 juris
1929 1680 1992 1738 in
2031 1682 2136 1740 hac
2172 1696 2331 1760 parte
2356 1686 2656 1761 exigentia.
2737 1687 2982 1747 Necnon

276 1772 338 1828 ad
372 1772 600 1831 levand.
642 1791 708 1829 ac
751 1769 1052 1847 recipiend.
1094 1769 1288 1827 omnia
1327 1780 1382 1827 et
1422 1768 1658 1841 singula
1696 1767 1842 1827 feod.
1884 1781 1941 1827 et
1997 1774 2266 1847 proficua,
2308 1778 2774 1853 approbationem
2817 1791 2981 1838 testa-

275 1874 540 1921 mentum.
569 1874 628 1919 et
664 1862 1083 1921 commissionu.
1112 1860 1656 1932 administracbnum
1696 1860 2042 1933 hujusmodi,
2067 1864 2140 1921 ad
2181 1886 2353 1924 usum
2390 1878 2445 1926 et
2485 1867 2787 1927 coffiodum
2814 1881 2980 1929 tuum

277 1955 577 2031 proprium,
631 1974 697 2011 ac
753 1941 973 2031 cop'otu.
1020 1952 1321 2014 calculum,
1368 1943 1490 2009 sive
1537 1949 1901 2010 ratiocinium
1956 1951 2236 2013 bonorum
2290 1959 2653 2027 creditorum,
2697 1972 2753 2019 et
2806 1964 2980 2021 catal·

274 2043 443 2102 lorum
482 2045 706 2111 huffioi,
747 2055 863 2101 tam
903 2045 974 2101 de
1012 2041 1297 2119 praedictis
1337 2040 1751 2107 executoribus,
1777 2061 1957 2115 quam
1997 2044 2554 2107 administratoribus
2595 2053 2813 2128 petend.
2843 2056 2979 2113 reci·

279 2135 446 2210 piend.
476 2135 747 2194 audiend.
777 2144 835 2192 et
872 2135 1032 2192 final‘
1063 2132 1398 2191 terminand.
1439 2132 1783 2206 eosdemque
1822 2145 2153 2193 executores
2194 2147 2252 2193 et
2290 2138 2769 2201 administratores
2808 2144 2871 2201 in
2912 2150 2981 2203 est

277 2239 416 2303 parte
455 2230 512 2286 si
545 2229 726 2302 justu.
767 2224 973 2283 videat'
1012 2224 1371 2298 acquietand.
1403 2233 1462 2280 et
1501 2222 1820 2281 dimittenti.
1902 2225 2212 2293 Sinodalia,
2254 2247 2319 2285 ac
2360 2229 2529 2288 etiam
2570 2234 2879 2307 pensiones,
2923 2247 2980 2295 et

275 2320 404 2376 alias
438 2337 814 2396 quascunque
852 2316 1221 2394 pecuniarum
1259 2334 1528 2380 summas,
1555 2314 1724 2371 nobis
1751 2334 1854 2373 seu
1879 2317 2297 2375 successoribus
2321 2321 2525 2379 nostris
2553 2323 2702 2381 infra
2729 2324 2978 2384 decanat.

276 2411 510 2486 praedict-
552 2410 721 2468 debit.
764 2407 885 2465 sive
926 2405 1162 2465 debend.
1199 2405 1425 2463 levand.
1450 2404 1755 2480 colligend.
1783 2416 1839 2464 et
1873 2407 2176 2483 recipiend.
2205 2430 2271 2466 ac
2297 2410 2367 2468 de
2393 2414 2629 2488 receptis
2654 2416 2978 2491 acquietau·

277 2502 378 2561 cias
415 2515 473 2562 et
515 2502 714 2561 finales
754 2497 1184 2557 deliberationes
1225 2496 1464 2555 faciend.
1494 2495 1778 2573 sigilland.
1807 2507 1863 2557 et
1903 2496 2251 2559 deliberand.
2281 2521 2346 2559 ac
2382 2502 2452 2559 de
2483 2504 2687 2577 eijdem
2728 2507 2894 2567 nobis
2921 2522 2979 2569 et

275 2594 679 2653 succeaeoribus
705 2590 916 2649 nostris
942 2589 1215 2646 rationem
1243 2598 1300 2645 et
1324 2598 1612 2664 computu.
1640 2588 1901 2647 reddend.
1983 2590 2228 2650 Necnon
2268 2594 2459 2651 omnia
2498 2597 2615 2655 alia
2654 2609 2710 2657 et
2747 2600 2978 2677 sing-ula

276 2686 338 2742 ad
374 2687 625 2744 officium
665 2687 907 2744 betam.
951 2680 1298 2753 hujusmodi,
1339 2689 1454 2735 tam
1496 2678 1565 2736 de
1598 2679 1746 2753 jure,
1787 2699 1967 2753 quam
2003 2682 2069 2737 de
2119 2685 2520 2742 consuetudine
2566 2691 2873 2763 pertinent.
2929 2697 2982 2749 et

274 2781 527 2849 qaectant.
555 2774 793 2833 faciend.
824 2771 1108 2831 exercend.
1135 2769 1464 2845 expediend.
1491 2778 1546 2826 et
1584 2771 1900 2844 exequend.
1981 2771 2118 2830 Tibi
2158 2772 2219 2831 in
2258 2776 2463 2833 virtute
2487 2775 2823 2849 juramenti
2834 2780 2847 2812 ¹
2891 2783 2980 2840 tui

272 2885 442 2925 eoram
487 2866 653 2925 nobis
692 2866 761 2924 de
799 2864 983 2923 officio
1022 2861 1268 2940 praedict.
1299 2860 1542 2918 fideliter
1580 2862 1891 2935 exequend.
1921 2862 1984 2921 in
2019 2864 2124 2923 hfic
2150 2876 2309 2943 parte
2338 2863 2493 2943 prius
2522 2871 2749 2943 praestit.
2778 2872 2978 2932 damus

275 2970 322 3014 et
357 2958 720 3017 concedimus
761 2967 935 3031 atque
977 2953 1372 3013 auctoritatem
1411 2961 1662 3009 nostram
1704 2972 1808 3028 pro
1842 2953 2009 3012 nobis
2036 2965 2093 3013 et
2118 2959 2531 3017 successoribus
2558 2962 2763 3019 nostris
2788 2973 2981 3024 tenore

274 3052 627 3125 prementium
663 3051 724 3108 in
751 3046 1055 3125 praemissis
1080 3044 1344 3103 omnibus
1373 3053 1432 3099 et
1456 3042 1722 3118 singulis,
1750 3065 1881 3102 cum
1907 3047 2210 3120 cujuslibet
2235 3069 2484 3108 censurae
2510 3062 2566 3108 et
2591 3053 2979 3113 ecclesiastieae

272 3141 599 3201 cobet-tionis
639 3150 930 3216 potestate.
1009 3137 1209 3211 Teque
1246 3138 1506 3193 bannum
1549 3145 1806 3192 nostrum
1848 3157 2237 3197 successorum
2277 3148 2597 3198 nostrorum
2638 3144 2977 3218 praeficimus

271 3235 468 3293 ibidem
520 3231 758 3290 habend.
815 3228 1037 3289 tenend.
1094 3238 1150 3286 et
1208 3225 1494 3301 gaudend.
1553 3226 1800 3284 officium
1868 3225 2056 3287 uttan(
2111 3230 2180 3288 de
2235 3232 2501 3298 Kendall,
2557 3232 2865 3300 Lonsdale,
2919 3247 2975 3293 et

272 3328 519 3384 Catriche
546 3323 794 3401 praedict.
821 3320 928 3379 tibi
952 3320 1022 3377 de
1051 3317 1216 3376 nobis
1244 3328 1303 3374 et
1339 3318 1759 3375 successoribus
1788 3320 1995 3377 nostris
2034 3327 2091 3396 p'
2130 3321 2372 3398 teipsum
2401 3324 2492 3380 vel
2528 3341 2597 3378 ex
2619 3324 2775 3397 justa
2802 3329 2975 3382 caus&¹

272 3425 322 3494 p'
343 3430 508 3476 tuum
550 3414 880 3474 sufficiente.
921 3412 1217 3486 deputatu.
1259 3408 1554 3466 exercend.
1582 3410 1657 3467 ad
1700 3410 2007 3469 terminum
2035 3411 2166 3470 vitae
2207 3424 2337 3478 tuae,
2375 3407 2495 3470 una
2531 3432 2664 3471 cum
2706 3415 2972 3473 omnibus

273 3511 527 3586 proficuis
565 3521 623 3567 et
657 3506 839 3565 feodis
879 3504 950 3562 de
988 3500 1494 3580 approbationibus
1534 3510 1998 3562 testamentorum
2039 3514 2097 3561 et
2136 3501 2572 3563 coffiissionibus
2611 3505 2971 3564 administra·

271 3600 478 3660 tionum
519 3598 770 3677 praedict.
797 3617 863 3655 ac
905 3595 1172 3655 omnibus
1211 3593 1340 3650 aliis
1377 3594 1665 3669 proficui8‚
1696 3594 1840 3653 feod.
1869 3606 1927 3653 et
1967 3595 2418 3662 coffioditatibus,
2454 3596 2637 3655 eidem
2677 3597 2861 3658 officio
2901 3600 2971 3658 de

264 3692 383 3764 jure
406 3695 490 3751 vel
528 3689 929 3750 consuetudine
968 3697 1212 3762 spectan.
1241 3697 1300 3742 et
1341 3685 1538 3761 pertin.
1565 3679 1687 3743 una
1727 3706 1857 3744 cum
1898 3699 2169 3764 potestate
2203 3698 2263 3746 et
2301 3688 2638 3747 auctoritate
2680 3690 2875 3748 omnia
2915 3702 2972 3750 et

269 3782 485 3860 singula
531 3780 801 3859 praemiss.
850 3779 1081 3837 nomine
1134 3787 1330 3834 nostro
1376 3788 1433 3834 et
1480 3797 1865 3836 successorum
1922 3791 2245 3839 nostrorum
2294 3779 2533 3839 faciend.
2579 3782 2868 3840 exercend.
2917 3793 2973 3841 et

272 3875 586 3951 expediend.
628 3874 870 3930 durante
914 3879 979 3927 ut
1018 3876 1076 3945 p'
1102 3868 1258 3928 dicit'
1299 3865 1418 3925 vita
1461 3870 1564 3925 tua
1603 3870 1867 3927 naturali.
1950 3872 2024 3929 In
2062 3872 2229 3945 cujus
2270 3873 2352 3930 rei
2393 3872 2778 3932 testimonium
2811 3874 2971 3951 sigil-

270 3963 381 4021 lum
407 3967 765 4023 &e—Anno
791 3962 1102 4020 1551—24
1127 3961 1282 4034 May.
1310 3960 1346 4015 4
1365 3959 1527 4016 Edw.
1548 3959 1664 4016 6th.
1729 3983 1740 3992 ·

563 4211 644 4274 (¹)
680 4209 844 4259 These
867 4207 1277 4257 words—virtute
1290 4206 1584 4268 juramenti,
1607 4209 1689 4256 διο.
1716 4212 1765 4256 to
1787 4194 2090 4307 damugxe
2116 4210 2171 4260 in
2196 4224 2259 4260 no
2279 4210 2446 4259 future
2470 4214 2658 4275 patent.
