3882 5037
307 443 443 499 εει-τ.
461 441 635 498 VIII.
664 440 743 513 2.]
1168 435 1741 509 &tanta—Diome
1770 440 1829 499 ot
1853 439 2081 501 lacurn.
2842 447 2990 516 245

374 646 530 710 Item,
557 639 780 706 betauiss
808 643 1173 718 prohibemus
1200 663 1478 719 expresse,
1505 663 1576 701 ne
1604 655 1831 703 teneant
1859 644 2119 703 ecclesias
2146 645 2218 703 ad
2246 646 2483 703 firmam.
2532 642 2537 647 ⁴

372 737 523 803 Item,
550 731 771 797 unani&
816 735 1174 812 Praecipimus
1201 746 1268 792 ut
1309 730 1616 811 antequam
1659 738 1936 805 recedant,
1979 738 2116 795 dent
2156 737 2321 795 nobis
2363 737 2426 794 in
2470 737 2695 811 scriptis
2737 691 2994 796 ecclesias

304 841 537 885 vacantes
562 829 626 886 in
653 828 774 885 suis
797 825 1171 895 vanitatibus,
1197 847 1327 903 quae
1360 836 1615 903 spectant
1654 828 1726 885 ad
1766 829 2127 887 collationem
2167 827 2384 885 domini
2424 829 2846 906 archiepiscopi,
2875 826 2993 887 tam

298 919 408 993 jure
447 921 796 996 patronatsts,
824 915 1003 996 quam
1043 920 1209 996 lapsu
1252 919 1541 994 temporis,
1582 920 1675 977 vel
1722 920 1892 977 etiam
1933 919 2154 977 defectu
2201 939 2587 996 personarum,
2631 940 2763 979 cum
2804 924 2994 979 valore

302 1010 529 1097 ipsarum
556 1006 867 1069 secundizm
892 1011 1049 1087 quod
1074 1010 1354 1071 sciverint.

371 1102 524 1168 Item,
552 1102 626 1159 de
654 1102 1123 1177 inquisitionibus
1163 1101 1525 1161 ecclesiarum
1551 1102 1971 1178 conquerimur,
1999 1098 2155 1178 quod
2183 1099 2328 1160 male
2372 1104 2517 1160 fiunt
2543 1114 2600 1160 et
2639 1105 2997 1182 negligenter

301 1194 361 1250 ab
381 1194 684 1270 aliquibus,
712 1189 855 1269 quia
880 1215 998 1253 non
1024 1196 1167 1253 bene
1191 1193 1471 1270 quaeritur
1497 1193 1567 1251 de
1592 1194 1776 1251 causis
1804 1195 2073 1262 scientiae,
2102 1190 2254 1252 unde
2282 1194 2646 1270 praecipimus
2674 1193 2827 1272 quod
2858 1200 2996 1255 fiant

300 1280 606 1361 diligentius
625 1308 641 1341 ε
699 1282 954 1362 alioquin
994 1305 1107 1354 eos,
1149 1305 1294 1363 quos
1335 1287 1399 1345 in
1444 1287 1548 1343 hoc
1591 1286 1903 1363 culpabiles
1949 1287 2354 1353 invenerimuS,
2402 1286 2472 1343 de
2519 1299 2702 1346 cetero
2749 1286 2998 1366 graviter

302 1394 595 1450 pumemus.

365 1469 735 1546 Praecipimus
774 1469 1037 1528 omnibus
1077 1464 1301 1532 uetanis
1339 1465 1492 1545 quod
1534 1470 1605 1528 de
1647 1480 1830 1528 cetero
1876 1470 2186 1546 inquirant,
2223 1482 2279 1529 et
2318 1470 2382 1529 in
2425 1471 2703 1547 scriptum
2735 1473 2996 1551 redigant

300 1562 508 1621 nomina
532 1562 800 1620 omnium
842 1562 1300 1639 presbyterorum
1337 1562 1441 1636 qui
1480 1561 1543 1619 in
1580 1556 1939 1625 betanafflmss
1969 1563 2087 1621 suis
2115 1563 2400 1631 decedent,
2428 1583 2606 1638 eaque
2647 1564 2898 1622 deferant
2924 1566 2995 1623 ad

301 1655 553 1730 synodum
575 1654 882 1721 recitanda,
902 1665 970 1710 ut
996 1673 1220 1712 oremus
1248 1673 1355 1730 pro
1375 1654 1474 1722 eis,
1503 1664 1560 1711 et
1588 1653 1806 1730 singuli
1827 1655 2140 1731 presbyteri
2161 1655 2370 1712 faciant
2395 1654 2693 1713 servitium
2721 1657 2998 1732 speciale3

301 1747 389 1804 hoc
411 1747 560 1805 enim
586 1740 967 1804 libentissime
994 1746 1198 1803 debent
1224 1746 1420 1814 faeere,
1447 1756 1514 1802 ut
1543 1740 1673 1803 ciim
1699 1747 2040 1803 decesserint
2066 1741 2329 1805 similiter
2353 1748 2454 1803 fiat
2481 1765 2586 1822 pro
2612 1748 2710 1806 eis.

364 1838 680 1896 Statuimus
705 1849 773 1895 ut
800 1837 1050 1912 antiquae
1091 1836 1385 1914 pensiones
1423 1856 1554 1912 quae
1593 1831 1631 1894 ὲ
1671 1837 2035 1913 prioratibus,
2068 1837 2423 1896 monasteriis
2458 1840 2838 1908 solvebantur,
2868 1860 2998 1916 quae

301 1926 539 1989 hactenus
585 1949 696 2007 per
741 1930 1000 1988 abbatem
1042 1930 1132 1989 vel
1176 1928 1580 1986 monasterium
1622 1923 1660 1985 ὲ
1701 1928 2083 2006 quadraginta
2123 1929 2290 1988 annis
2326 1940 2382 1987 et
2423 1929 2574 1988 infra
2614 1931 2829 1990 fuerint
2855 1953 2997 2009 aug-

301 2034 550 2091 mentatae,
611 2024 708 2081 vel
761 2016 950 2080 denuo
1005 2021 1285 2098 impositoe
1333 2016 1562 2096 penitils
1609 2032 1979 2091 revocentur3
2046 2032 2103 2079 et
2149 2041 2245 2079 eas
2292 2023 2651 2097 augmentari
2697 2025 2767 2081 de
2814 2036 2997 2082 cetero

302 2114 664 2187 prohibemus.

365 2208 680 2265 statuimus
722 2216 789 2262 ut
827 2205 1042 2280 judices
1084 2217 1201 2263 tam
1243 2204 1519 2263 ordinarii
1543 2200 1721 2280 quam
1765 2206 1838 2263 ab
1871 2205 2162 2263 ordinario
2204 2204 2451 2281 delegati
2495 2216 2809 2281 temperent
2850 2226 2908 2264 se
2941 2217 2999 2264 et

302 2298 574 2357 restaenent
603 2293 648 2356 ὲ
674 2298 1035 2374 generalibus
1074 2296 1788 2364 excommunicationibus3
1830 2317 1933 2354 nec
1961 2297 2023 2355 in
2055 2297 2307 2374 generali
2348 2297 2749 2373 participantes
2775 2317 2997 2355 excom·

301 2391 584 2460 municenu
616 2392 730 2450 nisi
759 2388 1302 2449 communicaverint
1327 2389 1389 2446 in
1416 2389 1653 2446 crimine
1680 2389 2078 2464 delinquentis.

366 2483 520 2553 Item,
548 2484 867 2544 sacerdotes
894 2481 1196 2541 servientes
1222 2482 1286 2539 in
1312 2480 1562 2541 ecclesiis
1591 2492 1896 2557 procurent
1922 2492 1989 2538 ut
2016 2481 2096 2539 ibi
2124 2481 2238 2539 sint
2262 2481 2396 2540 libri
2423 2480 2741 2549 necessarii,
2762 2491 2818 2538 et
2844 2499 2997 2539 com-

301 2577 526 2647 petentia
550 2589 920 2637 ornamenta:
960 2575 1044 2634 ita
1065 2570 1220 2651 quod
1246 2574 1318 2632 ad
1357 2575 1476 2632 haec
1504 2574 1742 2631 emenda
1781 2574 2109 2649 parochiani
2150 2570 2557 2651 principaliter,
2586 2584 2643 2631 et
2671 2584 2737 2630 ut
2778 2573 2840 2630 in
2866 2574 2998 2630 sub·

301 2666 485 2727 sidium
526 2665 657 2728 tam
699 2669 1006 2746 presbyter,
1033 2663 1210 2744 quam
1253 2685 1509 2742 persona,
1553 2660 1727 2741 quam
1769 2664 1869 2723 alii
1911 2665 2014 2741 qui
2041 2665 2262 2741 aliquos
2306 2666 2631 2742 percipiunt
2659 2664 2912 2723 redditus
2937 2667 2999 2724 in

300 2761 524 2828 eoeloeifi,
554 2762 652 2819 vel
677 2762 921 2819 decimas
959 2761 1032 2818 ad
1058 2780 1182 2817 eam
1223 2759 1292 2816 de
1327 2759 1456 2832 jure
1499 2757 1788 2816 communi
1830 2757 2193 2834 pertinentes,
2233 2776 2337 2833 pro
2379 2758 2549 2817 modo
2590 2758 2828 2815 sitarum
2869 2776 3000 2834 por-

300 2850 515 2920 tionum,
543 2853 596 2912 si
624 2873 769 2930 opus
795 2852 990 2919 fuerit,
1018 2853 1231 2911 solvere
1258 2850 1684 2926 compellantur.

1051 3162 1264 3220 SECT.
1292 3160 1602 3220 νηί-2.
1630 3157 1868 3224 Btotaesr
1899 3159 1959 3219 ot
1983 3158 2209 3220 noum.

475 3291 901 3350 Ismucnous
927 3310 1001 3349 on
1027 3290 1461 3348 Moussmnmm
1489 3282 1937 3356 L'Ancnfivfioun
1966 3307 2039 3346 nn
2066 3290 2273 3347 Roumv
2301 3309 2451 3347 roua
2479 3290 2812 3347 Msssmuns

1238 3398 1336 3439 ms
1359 3377 1616 3454 Beatus,
1644 3380 2040 3439 A.D.m>cxc1.

368 3509 404 3548 ι.
442 3491 898 3552 MESSIEURS
930 3494 1014 3551 les
1048 3496 1260 3567 begenz
1300 3492 1726 3553 consideret-ont
1759 3514 1872 3570 que
1901 3495 2059 3553 selon
2084 3494 2167 3551 les
2195 3495 2437 3553 conciles
2465 3494 2538 3552 ils
2566 3505 2695 3552 sont
2722 3495 2806 3552 les
2833 3494 2999 3551 coad-

296 3579 496 3652 juteurs
527 3597 584 3643 et
608 3587 693 3644 les
729 3584 1015 3643 ministres
1042 3585 1141 3642 des
1168 3584 1431 3660 ένὲῳιεε,
1460 3597 1516 3643 et
1541 3606 1653 3661 que
1682 3588 1766 3644 les
1795 3585 2039 3661 &veques
2066 3606 2139 3643 ne
2168 3597 2421 3661 pouvant
2449 3585 2771 3661 s’acquitter
2796 3583 2998 3642 imme-

302 3672 586 3736 diatement
621 3698 726 3755 par
760 3676 1115 3737 eux-memes
1150 3679 1228 3736 du
1268 3678 1464 3736 devoir
1502 3679 1604 3754 qui
1637 3681 1720 3736 les
1757 3678 1950 3754 oblige
1976 3679 2046 3735 de
2072 3678 2271 3735 veiller
2297 3698 2397 3735 sur
2423 3679 2506 3734 les
2534 3676 2998 3754 ecclesiastiqueS,

303 3776 348 3820 et
371 3787 461 3825 sur
490 3769 575 3828 les
611 3771 850 3847 peuples
885 3769 954 3827 de
988 3771 1143 3827 leurs
1179 3766 1446 3837 dioceses,
1472 3770 1555 3827 les
1590 3772 1797 3844 begenz
1826 3781 1956 3827 sont
1982 3769 2211 3848 obligez
2239 3771 2332 3847 d'y
2360 3770 2688 3828 contribuet
2714 3789 2818 3846 par
2844 3771 2999 3829 leurs

304 3858 435 3917 coins
461 3872 516 3918 et
543 3881 646 3938 par
671 3863 800 3919 leur
826 3860 1122 3939 vigilance.

372 3971 429 4009 11.
469 3953 553 4010 ns
578 3964 786 4013 auront
822 3954 946 4011 soin
968 3973 1080 4029 que
1115 3956 1243 4011 leur
1269 3954 1360 4012 vie
1389 3954 1500 4012 soit
1525 3951 1882 4030 exemplam-e,
1910 3954 2119 4028 qu’elle
2145 3954 2313 4012 edific
2339 3957 2494 4012 leurs
2524 3953 2798 4031 paroisses
2823 3954 2996 4029 parti-

305 4039 537 4112 mlieres,
564 4057 621 4103 et
649 4058 779 4106 tous
805 4049 890 4106 les
917 4046 1366 4121 ecclesiastiques
1395 4046 1464 4103 de
1491 4048 1646 4103 leurs
1670 4038 1938 4121 Uagenni}
1960 4066 1976 4114 ;
2017 4057 2073 4102 et
2101 4067 2212 4121 que
2240 4048 2295 4103 le
2321 4048 2436 4105 bon
2462 4047 2628 4105 ordre
2655 4045 2825 4103 etabli
2856 4046 2997 4103 dans

302 4133 439 4192 leurs
463 4138 720 4205 familles,
747 4139 888 4197 dans
913 4140 1068 4196 leurs
1094 4137 1320 4214 eglises,
1349 4149 1407 4195 et
1441 4138 1581 4195 dans
1607 4140 1762 4195 leurs
1788 4137 2086 4215 paroisses,
2117 4139 2306 4216 puisse
2335 4139 2514 4197 servir
2541 4139 2610 4195 de
2638 4131 2854 4193 modele
2883 4156 2993 4193 aux

306 4227 455 4285 cur&
479 4241 536 4286 et
561 4250 672 4288 aux
702 4230 976 4306 paroisses
1002 4231 1071 4287 de
1097 4230 1253 4287 leurs
1280 4229 1529 4288 detroits.

376 4338 456 4378 111.
498 4322 581 4379 Ils
607 4322 905 4381 veilleront
926 4322 1383 4401 soigneusement
1413 4343 1510 4380 sur
1540 4334 1667 4379 tous
1694 4322 1778 4379 les
1805 4320 2255 4397 ecclesiastiques
2276 4322 2344 4378 de
2364 4323 2519 4379 leurs
2542 4324 2825 4393 bogenan.
2911 4317 2995 4373 Ils
