3882 5037
812 456 965 527 264
1589 444 2365 529 sappensix.—Qtoatinaental
2394 444 2766 510 Butuntrnts.
3277 452 3463 525 [war
3489 456 3535 511 Ι.

815 653 1045 711 vivendi
1074 666 1230 711 extra
1259 673 1427 709 suum
1458 650 1862 708 monasterium
1892 651 2092 725 (quam
2129 646 2507 706 obedientiam
2536 647 2762 715 vocant)
2792 647 2855 704 in
2892 668 2995 706 suo
3022 651 3274 725 regulari
3316 653 3535 721 habitu,

813 765 879 803 ac
905 746 1028 812 alii,
1058 745 1255 820 vigore
1280 744 1601 800 litterarum
1639 743 2081 818 apostolicarum
2120 739 2449 816 dispensati,
2478 749 2545 795 ut
2585 749 2741 796 extra
2780 758 2885 796 sua
2920 743 3260 801 monasteria
3295 747 3538 806 residere

817 838 1056 913 possint,
1083 837 1143 893 in
1186 835 1386 892 habitu
1415 833 1725 910 presbyteri
1766 834 2055 900 secularis,
2085 831 2385 890 deferendo
2426 832 2720 907 scapulare
2763 831 2872 888 sub
2914 837 3018 890 sust
3058 838 3210 909 tog-5,
3237 849 3339 894 aut
3385 852 3537 897 veste

815 928 999 993 talari,
1029 928 1092 984 in
1133 925 1464 985 scandalum
1507 924 1821 1002 relig-ionis,
1852 935 2165 998 vagentur:
2210 921 2573 998 praecipimus
2613 933 2668 979 et
2709 922 2816 979 sub
2858 926 3028 997 poenst
3069 929 3458 1001 suspensionis
3500 926 3538 988 ὁ,

815 1019 1029 1077 divinis
1057 1019 1412 1085 mandamus,
1442 1037 1515 1075 ne
1555 1016 1767 1091 aliquis
1806 1015 2110 1092 religiosus
2138 1014 2246 1071 sub
2275 1024 2554 1090 praetextu
2596 1014 2923 1087 hujusmodi
2949 1015 3404 1093 dispensationis,
3432 1035 3534 1080 aut

815 1110 1022 1186 graciae
1061 1111 1134 1168 ad
1171 1109 1536 1168 ecclesiarum
1578 1108 1992 1184 parochialium
2033 1105 2460 1171 deservituram,
2491 1105 2794 1162 missarum
2836 1106 3288 1176 celebrationem,
3318 1112 3533 1171 confes-

816 1202 1043 1260 sionum
1095 1201 1464 1268 auditionem,
1514 1211 1615 1258 aut
1668 1210 2147 1257 sacramentorum
2200 1197 2750 1254 administrationem
2803 1196 3154 1266 admittatur,
3209 1202 3321 1259 nisi
3379 1199 3536 1279 prihs

814 1292 1020 1351 litteris
1047 1313 1166 1351 suae
1206 1292 1469 1359 licentiae‚
1499 1312 1599 1350 seu
1640 1290 2079 1367 dispensationis
2121 1309 2221 1366 per
2259 1309 2363 1347 nos
2391 1288 2653 1354 visitatis,
2681 1300 2737 1347 et
2777 1291 3130 1359 examinatis,
3161 1294 3464 1368 specialem
3497 1292 3536 1354 a

815 1383 979 1441 nobis
1004 1384 1077 1441 ad
1103 1384 1430 1460 supradicta
1454 1383 1746 1442 licentiam
1777 1384 1840 1440 in
1867 1381 2093 1457 scriptis
2121 1380 2447 1440 obtinuerit.

895 1494 998 1534 vn.
1040 1476 1474 1535 considerantes
1513 1475 1686 1534 etiam
1727 1475 2058 1533 indecorum
2097 1492 2217 1531 esse
2256 1472 2430 1530 statui
2472 1471 2867 1539 ecclesiastice,
2908 1475 3099 1542 lai’cos,
3141 1476 3353 1550 quibus
3404 1480 3535 1554 jure

814 1568 1054 1625 vetitum
1095 1581 1195 1635 est,
1225 1570 1506 1627 cancellos
1547 1568 1667 1625 sive
1706 1567 1939 1623 chorum
1969 1564 2334 1623 ecclesiarum
2375 1564 2617 1640 ingredi,
2646 1565 2944 1623 custodum
2981 1568 3164 1625 officia
3204 1568 3266 1626 in
3294 1570 3534 1630 diversis

813 1658 1065 1716 ecclesiis
1091 1679 1377 1719 exercere=
1422 1659 1790 1736 praecipimus
1818 1669 1873 1717 et
1914 1657 2276 1732 injungimus
2308 1655 2558 1732 singulis
2587 1652 2806 1720 uetanis
2842 1678 2914 1715 ne
2953 1656 3216 1737 deinceps
3242 1663 3531 1738 quispiam

813 1750 885 1806 ad
926 1750 1197 1809 custodiae
1225 1752 1632 1811 deservituram
1664 1749 2020 1814 admittatur,
2045 1768 2163 1805 non
2206 1759 2549 1813 tonsuratus,
2575 1761 2678 1806 aut
2716 1749 2998 1826 big-amus,
3028 1764 3128 1810 aut
3166 1754 3269 1828 qui
3306 1754 3533 1825 ballivi,

812 1853 912 1899 aut
939 1843 1163 1901 clientis
1191 1844 1441 1901 officium
1468 1854 1701 1908 exercet,
1726 1853 1827 1900 aut
1854 1841 1917 1899 in
1937 1840 2160 1914 judicio
2188 1840 2474 1898 criminali
2512 1840 2786 1908 interfuit,
2816 1864 3090 1919 suamque
3125 1844 3188 1903 in
3214 1865 3282 1904 eo
3309 1860 3530 1908 senten-

810 1932 949 1990 tiam
990 1935 1250 2010 protulit,
1277 1936 1369 1993 vel
1400 1934 1648 1994 officium
1674 1932 2010 2009 cauponarii
2040 1933 2131 1989 vel
2174 1931 2479 1989 tabernarii
2518 1932 2750 1991 aliudve
2778 1935 2909 2000 vile,
2937 1946 2994 1993 et
3028 1937 3178 1995 clero
3218 1938 3528 2016 indignum

808 2036 1040 2093 exercet,
1068 2038 1169 2084 aut
1196 2027 1299 2102 qui
1328 2026 1562 2084 barbam
1590 2025 1767 2083 defert
1805 2024 2144 2101 longiorem,
2175 2044 2275 2082 seu
2302 2035 2514 2081 vaetem
2541 2024 2760 2082 clericis
2803 2026 3172 2095 indecentem,
3200 2041 3372 2106 atque
3396 2044 3530 2091 ante

807 2118 1211 2177 admissionem
1254 2118 1422 2175 dictis
1464 2114 1683 2181 uetanis
1726 2116 1796 2174 de
1839 2117 1974 2175 vitae
2018 2136 2135 2174 suas
2176 2115 2483 2182 honestate,
2524 2126 2580 2174 et
2605 2116 2740 2175 fidei
2780 2118 3098 2179 sinceritate
3136 2122 3528 2183 testimonium

808 2210 1017 2285 scripto
1058 2210 1349 2269 exhibeat:
1392 2209 1547 2285 quod
1588 2205 1810 2271 uetanis
1855 2208 2139 2285 praedictis
2181 2219 2248 2264 ut
2293 2202 2481 2264 stricte
2524 2207 2839 2275 observent,
2872 2222 2928 2267 et
2969 2225 3336 2287 exequantur,
3366 2237 3525 2274 man-

807 2301 1024 2359 damus.
1106 2301 1168 2359 Si
1196 2313 1388 2360 autem
1428 2301 1566 2359 dicti
1595 2300 1850 2359 custodes
1875 2304 2216 2376 quacunque
2243 2298 2312 2357 de
2352 2302 2521 2356 causa
2547 2299 2618 2357 ad
2660 2299 3065 2359 deservituram
3104 2304 3387 2364 inhabiles
3425 2327 3529 2383 per

806 2396 1066 2452 becarium
1117 2393 1320 2452 moniti
1366 2413 1484 2452 non
1531 2404 1781 2470 pareant,
1829 2393 2004 2450 curiae
2043 2403 2249 2450 nostrae
2295 2391 2732 2459 denuncientur‚
2775 2392 2848 2449 ad
2901 2397 3227 2471 exemplum
3276 2398 3526 2457 aliorum

809 2486 1105 2562 puniendi.

889 2597 1016 2637 vm.
1058 2578 1183 2636 Nec
1222 2578 1597 2636 admittantur
1639 2576 1998 2654 proprietarii
2039 2576 2402 2635 ecclesiarum
2445 2575 2857 2651 parochialium
2896 2577 2969 2635 ad
3012 2581 3255 2655 primam
3281 2581 3528 2640 deservi·

808 2681 994 2727 turam
1038 2670 1343 2727 earundem
1379 2667 1763 2734 ecclesiarum,
1799 2668 1910 2725 nisi
1954 2662 2108 2743 prihs
2138 2680 2352 2726 constet
2385 2664 2603 2731 bttauls
2634 2664 3118 2740 Θῇτίῦῒὶειῐίῑείίβ,
3146 2673 3362 2731 litteras
3398 2694 3527 2731 sua-

808 2781 939 2818 rum
980 2761 1371 2837 provisionum
1411 2760 1577 2818 nobis
1617 2759 1790 2817 fuisse
1833 2770 2211 2835 praesentatas,
2247 2759 2512 2834 quodque
2554 2760 2665 2836 ipsi
2708 2762 2931 2837 praeviis
2972 2765 3247 2832 examine,
3275 2777 3330 2823 et
3372 2767 3524 2824 testi-

811 2852 1003 2910 monio
1031 2852 1326 2927 probitatis
1354 2851 1503 2916 vitae,
1535 2849 1877 2925 professione
1909 2849 2043 2906 fidei
2074 2850 2382 2916 catholicae,
2410 2862 2465 2909 et
2493 2852 2817 2924 juramento
2854 2855 3165 2929 personalis
3210 2857 3528 2914 residentia-²

810 2945 970 3017 juxta
995 2943 1216 3001 decreta
1240 2942 1468 3001 concilii
1489 2940 1834 3006 Tridentini,
1856 2941 1928 2998 ad
1959 2941 2367 2999 deservituram
2394 2944 2643 3002 ecclesiae
2672 2946 3012 3020 parochialis
3039 2948 3272 3006 admissi
3300 2949 3529 3008 fuerint.

810 3029 1002 3100 Quam
1028 3045 1218 3092 autem
1244 3034 1441 3109 aliqua
1466 3032 1702 3092 ecclesia
1729 3032 1999 3090 destituta
2023 3032 2196 3091 fuerit
2223 3046 2436 3102 curato,
2465 3048 2566 3093 aut
2593 3036 2947 3105 deservitore,
2980 3040 3162 3098 eidem
3204 3037 3530 3100 immediate

812 3145 910 3202 per
935 3129 1196 3185 ultanum
1225 3130 1416 3185 nostra
1442 3124 1780 3183 authoritate
1809 3124 2187 3201 provideatur,
2217 3125 2390 3201 idque
2420 3127 2604 3203 prima
2633 3131 3056 3204 opportunitate
3095 3135 3333 3197 betanus
3361 3135 3530 3192 nobis

811 3218 1174 3295 significabit,
1202 3239 1304 3277 nec
1330 3218 1486 3275 ultra
1526 3236 1775 3275 mensem
1817 3217 1983 3275 nobis
2027 3216 2291 3276 intimare
2316 3217 2554 3285 differat,
2582 3239 2700 3294 quo
2736 3240 2835 3296 per
2860 3222 3111 3294 ejusdem
3150 3227 3531 3285 continuatio-

812 3331 961 3378 nem,
990 3322 1089 3368 aut
1116 3311 1351 3368 alterius
1379 3304 1558 3385 magis
1587 3309 1776 3367 idonei
1806 3309 2286 3376 constitutionem,
2314 3311 2565 3368 ecclesiae
2592 3313 2815 3369 vacanti
2844 3309 3067 3388 pleniiis
3096 3317 3510 3392 provideamus.

894 3423 968 3462 ix.
1013 3403 1300 3461 Volumus
1327 3396 1561 3477 insuper
1577 3395 1733 3477 quod
1760 3396 1946 3460 berani
1969 3401 2229 3458 omnium
2249 3412 2305 3459 et
2333 3402 2698 3477 singulorum
2717 3416 3063 3473 curatorum,
3085 3409 3530 3483 capellanorum,

811 3494 1129 3560 custodum,
1172 3507 1228 3553 et
1269 3494 1516 3551 aliorum
1556 3492 2017 3550 beneficiatorum
2059 3513 2292 3551 suorum
2332 3495 2698 3554 netauatuum
2740 3515 2858 3553 non
2898 3497 3285 3566 residentium,
3331 3512 3387 3558 et
3427 3502 3532 3577 qui

812 3597 944 3644 ante
971 3586 1175 3644 festum
1205 3587 1394 3644 Beatae
1424 3583 1627 3641 Mariae
1656 3583 2016 3659 Magdalenae
2043 3585 2261 3642 litteras
2289 3585 2579 3663 privilegii
2621 3600 2722 3645 aut
2750 3588 3190 3665 dispensationis
3216 3611 3389 3668 super
3416 3614 3532 3652 non

807 3677 1132 3743 residentis,
1176 3677 1342 3734 nobis
1385 3687 1483 3734 aut
1522 3671 1743 3738 uetanis
1794 3694 1911 3733 non
1959 3676 2337 3743 exhibuerint,
2386 3689 2486 3736 aut
2531 3700 2776 3755 quorum
2825 3681 3100 3739 beneficia
3145 3701 3246 3760 per
3291 3685 3531 3753 obitum,

815 3770 1271 3845 resignationem,
1312 3780 1412 3825 aut
1453 3786 1751 3832 recessum,
1792 3780 1924 3825 ante
1970 3768 2188 3825 dictum
2233 3768 2441 3826 festum
2484 3772 2822 3840 vacaverint,
2870 3773 3106 3840 fructus,
3158 3775 3429 3842 redditus,
3478 3788 3535 3835 et

816 3872 1122 3936 proventus
1170 3853 1334 3934 proiit
1379 3859 1494 3934 ipsi
1540 3877 1607 3915 ex
1656 3858 1838 3916 officio
1893 3870 2172 3925 tenentur,
2224 3857 2562 3927 immediati&
2611 3863 2952 3923 authoritate
3006 3870 3198 3924 nostra
3243 3879 3533 3933 art-estare,

814 3949 1127 4014 arrendare,
1171 3970 1236 4007 ac
1280 3942 1636 4024 postmodilm
1678 3950 1882 4016 levare,
1928 3971 2047 4008 non
2088 3957 2375 4027 expectata
2417 3948 2455 4009 ὲ
2497 3954 2660 4012 nobis
2702 3955 2961 4014 ulteriori
3003 3956 3376 4024 ordinatione,
3414 3957 3533 4016 dic·

814 4042 1001 4116 tisque
1043 4039 1327 4098 beneficiis
1356 4059 1456 4115 per
1496 4059 1762 4116 personas
1803 4041 2034 4099 idoneas
2077 4042 2343 4101 deserviri
2389 4044 2566 4103 facere
2612 4046 2865 4113 debeant,
2903 4047 3032 4119 jure
3070 4060 3439 4124 patronorum
3468 4073 3533 4109 ac

814 4132 1050 4191 alterius
1094 4129 1398 4204 cujuslibet
1437 4125 1656 4206 semper
1694 4132 1884 4189 salvoz
1940 4128 2022 4189 ita
2063 4145 2251 4192 tamen
2292 4131 2447 4210 quod
2493 4158 2660 4195 nemo
2697 4139 2770 4196 ad
2807 4138 3236 4198 deserviendum
3281 4144 3534 4200 ecclesiae

816 4223 1123 4302 parochiali
1167 4222 1561 4289 constituatur,
1599 4223 1710 4280 nisi
1748 4219 1919 4300 priils,
1957 4237 2058 4283 aut
2102 4222 2299 4284 saltem
2341 4227 2489 4286 infra
2530 4250 2778 4288 mensem
2811 4226 2849 4288 ἓι
2884 4231 2975 4289 die
3019 4231 3395 4291 institutionis
3432 4254 3535 4311 per

816 4320 1048 4378 betanus
1078 4316 1176 4386 (ne
1204 4312 1427 4374 interim
1455 4316 1688 4375 ecclesia
1715 4317 1932 4392 absque
1962 4319 2298 4379 deservitore
2342 4325 2651 4395 remaneat)
2682 4323 2856 4392 factae,
2884 4319 2921 4380 ὲ
2949 4324 3116 4383 nobis
3152 4327 3529 4393 examinatuS,
