3882 5037
779 482 928 554 378
1608 478 2265 558 &innuite-‘English
2294 479 2664 547 Botummts.
3204 483 3390 557 [Pin-r
3413 486 3497 541 ΙΙ.

780 689 834 743 5.
872 684 1115 742 Pus-nr
1152 702 1222 740 or
1262 702 1377 742 rur.
1417 685 1635 741 Ornos
1673 701 1744 740 or
1782 684 2159 742 Couumm
2199 702 2272 740 or
2307 684 2643 750 thmaonm,
2672 703 2788 742 Am>
2818 702 2956 742 ,uso
2982 702 3053 742 or
3082 682 3276 744 Ruta!
3305 682 3494 753 Utsu,

1146 793 1217 832 το
1251 775 1511 833 Emnmn
1540 776 1952 833 Munwsnmo
1981 794 2097 832 Am>
2130 776 2317 833 Mans
2343 775 2695 843 chxssmo,
2721 775 2897 834 Anno
2925 795 3136 834 uncxv.

858 869 1240 928 OMNIBUS
1281 869 1496 927 Christi
1537 870 1803 928 fidelibus
1842 869 1914 927 ad
1955 889 2101 946 quos
2141 870 2247 928 hoc
2289 888 2531 946 praesens
2558 870 2837 947 scriptum
2863 872 3182 947 pervenerit
3209 873 3498 947 Georgius

775 962 1146 1041 permissione
1171 961 1390 1020 Divina
1415 961 1745 1020 Cestriensis
1773 961 2094 1038 Episcopus
2132 964 2377 1020 salutem
2413 963 2476 1020 in
2506 962 2759 1020 Domino
2797 962 3212 1039 sempiternam.
3294 963 3498 1021 Sciatis

773 1074 879 1113 nos
920 1053 1220 1130 proefatum
1264 1053 1595 1130 episcopum
1635 1073 1738 1130 pro
1777 1053 2019 1112 diversis
2058 1053 2603 1112 considerationibus
2644 1073 2748 1111 nos
2787 1054 2860 1110 ad
2901 1053 3005 1110 hoc
3038 1051 3194 1127 juste
3234 1055 3495 1112 movent⁸.

776 1146 1011 1212 dedisse,
1038 1145 1393 1212 concessisse,
1422 1157 1483 1204 et
1520 1147 1626 1203 hoc
1656 1144 1921 1223 praesenti
1962 1144 2172 1221 scripto
2213 1157 2406 1203 nostro
2446 1163 2551 1220 pro
2578 1144 2744 1202 nobis
2768 1155 2826 1202 et
2850 1145 3263 1203 successoribus
3289 1146 3497 1205 nostris

776 1239 1157 1304 confirmasse,
1214 1236 1423 1296 dilecto
1475 1237 1642 1296 nobis
1697 1237 1758 1295 in
1810 1237 2042 1295 Christo
2097 1238 2406 1296 Edmundo
2462 1237 2853 1312 Mainwaring
2907 1236 3105 1294 LLB.
3146 1248 3203 1295 et
3252 1237 3498 1296 civitatis

776 1331 1039 1389 Eburum
1083 1330 1228 1387 Gen.
1274 1339 1333 1385 et
1381 1330 1589 1387 Marko
1632 1328 1977 1404 Pickeringe
2022 1327 2259 1386 Artium
2301 1328 2466 1386 Bacc.
2507 1330 2654 1386 Coll.
2683 1327 2815 1385 AEd.
2853 1328 3065 1385 Christi
3107 1327 3284 1386 Univ.
3310 1329 3497 1387 Oxou.

774 1420 1023 1480 officium
1063 1419 1479 1479 cofiiissariatsts
1521 1420 1641 1478 sive
1682 1419 2048 1478 officialitatis
2087 1419 2148 1477 in
2191 1430 2248 1478 et
2287 1440 2388 1496 per
2425 1429 2608 1477 totum
2650 1419 3006 1477 archifiatum
3035 1431 3296 1478 nostrum
3325 1421 3497 1479 Rich-

775 1512 1019 1571 mondiae
1045 1507 1169 1570 una
1192 1533 1323 1570 cum
1350 1512 1617 1570 omnibus
1644 1522 1702 1568 et
1728 1511 1975 1588 sing-ulis
1999 1508 2357 1573 betanatffluss
2383 1507 2671 1573 tatalibus
2696 1510 2847 1567 infra
2864 1512 3227 1570 archiflamm
3250 1513 3498 1588 predict.

777 1607 1036 1679 (excepto
1077 1598 1294 1661 tantum
1333 1605 1571 1662 bttanat.
1611 1603 1682 1659 de
1724 1601 2216 1674 Amounderness)
2259 1601 2597 1660 nominatim
2638 1604 2885 1661 betanat.
2928 1603 2999 1660 de
3041 1603 3385 1670 Richmond,
3426 1604 3497 1661 de

774 1694 1092 1760 Catherick,
1121 1695 1192 1752 de
1217 1691 1682 1766 Burrowbridge,
1710 1692 1781 1750 de
1809 1691 2037 1768 Kirkby
2070 1692 2373 1758 Lonsdale,
2408 1693 2477 1750 de
2506 1690 2732 1767 Kirkby
2762 1691 3033 1759 Kendall‚
3062 1692 3131 1751 de
3153 1693 3420 1760 Furness,
3441 1704 3499 1751 et

775 1786 845 1842 de
871 1786 1181 1862 Copeland.
1212 1796 1271 1842 et
1297 1785 1449 1861 ipsos
1482 1784 1858 1841 Edmundum
1889 1784 2280 1860 Mainwaring
2321 1796 2378 1841 et
2406 1785 2710 1842 Marckum
2738 1782 3056 1859 Pickering
3082 1783 3495 1848 coii'iissarium,

775 1875 895 1932 sive
920 1875 1289 1942 comissarios,
1316 1885 1374 1933 et
1407 1878 1665 1934 laetantum
1702 1872 1963 1941 turultm,
1988 1875 2105 1932 sive
2139 1877 2370 1938 betanus
2410 1871 2645 1940 tutam,
2675 1873 2854 1931 nostri
2883 1873 3132 1949 praedict.
3159 1872 3411 1950 episcopi
3429 1894 3497 1932 ac

776 1985 1168 2024 successorum
1197 1976 1520 2025 nostrorum
1549 1966 1807 2034 facimus,
1834 1967 2183 2032 ordinamus,
2207 1977 2265 2024 et
2292 1966 2694 2024 constituimus
2717 1985 2817 2040 per
2847 1974 3164 2040 praesenteffi
3184 1964 3258 2022 ad
3284 1984 3497 2040 cogno-

777 2057 959 2114 scend.
980 2069 1038 2114 et
1064 2058 1398 2132 procedend.
1421 2057 1482 2115 in
1512 2056 1776 2116 omnibus
1803 2067 1860 2115 et
1886 2058 2136 2133 sing-ulis
2161 2057 2367 2123 causis,
2386 2068 2443 2114 et
2471 2055 2736 2133 negotiis,
2760 2056 2977 2123 litibus,
3004 2066 3062 2112 et
3087 2056 3350 2130 querelis,
3379 2051 3497 2113 tam

778 2148 1293 2207 matrimonialibus
1337 2148 1586 2216 divortii,
1628 2144 1808 2224 quam
1856 2147 2284 2207 matrimonium
2341 2158 2591 2223 tangent.
2634 2160 2690 2205 et
2744 2147 2872 2205 aliis
2924 2147 3323 2224 spiritualibus
3377 2148 3498 2206 sive

779 2240 1173 2299 ecclesiasticis
1212 2241 1399 2299 causis
1439 2240 1900 2318 quibuscunque,
1929 2241 2050 2299 sive
2092 2261 2162 2299 ex
2202 2240 2387 2299 officio
2428 2260 2584 2299 mero
2625 2240 2802 2297 mixto
2829 2239 2920 2298 vel
2960 2250 3237 2315 promoto,
3263 2237 3382 2296 sive
3423 2238 3497 2297 ad

779 2332 1025 2406 alicujus
1070 2333 1244 2408 partis
1298 2333 1644 2400 instantiam,
1687 2335 2008 2410 partiumve
2061 2334 2360 2414 insta-nutias
2415 2346 2549 2392 mot.
2595 2353 2697 2391 seu
2753 2330 3009 2390 movend.
3054 2340 3111 2388 et
3160 2329 3235 2387 ad
3289 2330 3495 2397 forum,

779 2424 1181 2501 cognitionem,
1223 2435 1280 2482 et
1311 2425 1768 2498 jurisdictionem
1808 2438 2059 2484 nostram
2100 2427 2351 2493 eccliam,
2394 2426 2469 2484 ad
2513 2445 2620 2483 nos
2669 2436 2727 2483 et
2775 2441 3118 2481 successores
3163 2431 3383 2479 nostros
3427 2420 3497 2478 de

772 2517 905 2590 jure
939 2515 1350 2576 consuetudine
1379 2520 1469 2577 vel
1506 2518 1637 2576 aliis
1673 2518 2033 2594 quomod‘o'ht
2059 2530 2231 2595 spect.
2257 2518 2377 2576 sive
2404 2516 2705 2594 pertinent.
2785 2515 3016 2588 Eosque
3042 2523 3099 2571 et
3126 2533 3195 2570 ea
3221 2533 3354 2570 cum
3380 2511 3501 2570 suis

779 2608 1185 2676 incidentibus,
1252 2611 1698 2685 emergentibus,
1764 2610 2232 2687 dependentibus,
2298 2610 2537 2668 annexis
2601 2620 2657 2667 et
2719 2606 2986 2666 connexis
3038 2604 3500 2679 quibuscunque,

780 2697 1044 2755 audiend.
1075 2698 1412 2759 discutiend.
1441 2700 1800 2759 examinand.
1828 2701 2121 2759 decidend.
2147 2711 2204 2760 et
2229 2703 2342 2759 fine
2369 2700 2558 2758 debito
2584 2697 2992 2757 determinand.
3074 2695 3317 2754 Necnon
3344 2696 3416 2754 de
3442 2707 3500 2753 et

782 2807 952 2865 super
991 2789 1311 2848 excessibus
1351 2803 1408 2849 et
1447 2792 1672 2850 delictis
1712 2793 2053 2850 nominatim
2091 2794 2157 2851 de
2198 2794 2414 2849 incestu
2451 2798 2504 2850 et
2543 2790 2849 2849 adulter-50¹
2895 2799 2953 2848 et
2992 2789 3123 2847 aliis
3164 2787 3498 2846 criminibus

782 2880 1224 2955 quibuscunque
1260 2883 1334 2939 ad
1365 2882 1554 2941 forum
1589 2894 1648 2940 et
1680 2882 2068 2958 cognitionem
2107 2865 2342 2942 ecc-liam
2374 2893 2646 2959 spectant.
2676 2883 2829 2941 infra
2858 2883 3211 2941 archifiatum
3241 2890 3499 2937 nostrum

781 2971 1029 3049 praedict.
1056 2991 1156 3049 per
1180 2992 1547 3049 quoscunque
1576 2976 1685 3031 sive
1713 2974 1935 3031 clericos
1970 2980 2025 3031 et
2050 2975 2225 3031 lai'cos
2252 2974 2514 3032 coffiissis
2542 2974 2661 3033 sive
2689 2975 3065 3040 comittendis,
3092 2972 3414 3047 inquirend.
3442 2981 3501 3029 et

781 3063 998 3140 inquiri
1038 3063 1280 3123 faciend.
1321 3084 1530 3140 eosque
1568 3078 1626 3123 et
1661 3085 1728 3124 ea
1766 3066 1845 3123 sic
1887 3076 2110 3142 reperta
2148 3076 2204 3123 et
2241 3065 2492 3133 inventa,
2532 3062 2719 3124 debite
2774 3066 3090 3143 corrig-end.
3131 3064 3401 3139 puniend.
3442 3075 3499 3121 et

782 3157 1117 3216 reformand.
1157 3176 1486 3234 poenasque.
1531 3157 1856 3233 punitiones
1907 3168 1966 3215 et
2017 3157 2382 3234 poenitentias
2435 3157 2690 3225 ecclic'as,
2732 3158 3010 3215 salutares
3054 3165 3109 3215 et
3164 3155 3498 3230 condignas,

781 3249 1050 3309 omnibus
1097 3259 1153 3308 et
1200 3247 1446 3325 singulis
1488 3248 1567 3307 sic
1610 3249 2090 3325 delinquentibus,
2135 3268 2239 3325 pro
2292 3268 2493 3308 eorum
2538 3247 2815 3307 commiss.
2860 3259 2917 3306 et
2947 3252 3118 3323 juxta
3160 3246 3496 3322 qualitatem

782 3342 1112 3401 eorumdem
1151 3341 1475 3418 imponend.
1516 3350 1571 3400 et
1607 3341 1945 3417 injungenti.
2024 3342 2414 3417 Quoscunque
2469 3339 2702 3415 insuper
2753 3338 2985 3407 fructus,
3026 3339 3296 3405 decimas,
3337 3339 3495 3397 obla·

782 3434 987 3500 tiones,
1025 3445 1083 3492 et
1120 3444 1447 3510 proventus,
1486 3454 1552 3492 ac
1593 3443 1795 3491 caetera
1837 3432 1990 3490 bona
2030 3442 2087 3489 et
2119 3432 2252 3505 jura
2293 3432 2652 3490 subditorum
2700 3442 3023 3488 nostrorum
3062 3430 3392 3503 hujusmodi
3434 3428 3496 3487 in

781 3524 1011 3582 casibus
1038 3526 1108 3582 de
1127 3525 1257 3598 jure
1282 3526 1403 3584 sive
1430 3524 1839 3584 consuetudine
1864 3524 2342 3598 qualitercunque
2371 3522 2640 3598 praemiss.
2672 3522 3056 3599 sequestrand.
3072 3532 3129 3580 et
3156 3522 3496 3599 sequestrari

783 3615 1085 3675 mandand.
1102 3626 1159 3673 et
1179 3616 1643 3692 sequestrationis
1661 3614 2008 3687 hujusmodi,
2025 3614 2248 3689 quoties
2278 3632 2424 3688 opus
2449 3613 2638 3680 fuerit,
2658 3615 2940 3673 relaxand.
3023 3615 3173 3672 (hun
3197 3612 3499 3689 quibusvis

783 3703 957 3761 etiam
1003 3705 1145 3761 dicti
1193 3706 1519 3764 archii'iatus
1569 3704 1750 3762 nostri
1805 3705 2056 3780 personis
2100 3703 2532 3762 matrimonium
2576 3705 2647 3761 ad
2690 3704 2932 3763 invicem
2975 3699 3230 3780 legitime
3278 3714 3497 3762 contra-

783 3794 946 3851 hend.
972 3795 1092 3853 sive
1132 3807 1397 3855 contract.
1426 3806 1493 3853 ut
1532 3795 1960 3854 matrimonium
2000 3794 2147 3853 inter
2186 3813 2303 3862 eos,
2330 3795 2537 3854 bannis
2577 3795 3089 3854 matrimonialibus
3130 3796 3193 3854 in
3233 3799 3309 3867 ed.
3341 3803 3501 3871 parte

784 3879 1011 3960 penitixs
1039 3885 1284 3954 omissis,
1311 3887 1681 3945 solemnizare
1708 3896 1763 3943 et
1789 3885 2076 3945 celebrare
2101 3881 2281 3945 libere
2309 3888 2538 3944 valeant
2562 3895 2619 3942 et
2645 3896 2901 3961 possunt,
2929 3885 3288 3962 dispensand.
3314 3906 3379 3943 ac
3418 3884 3501 3944 eis

782 3976 1085 4034 licenciam
1111 3976 1174 4035 in
1202 3982 1270 4036 ea
1296 3987 1455 4053 parte
1482 3977 1645 4033 dand.
1673 3987 1728 4034 et
1755 3978 2093 4035 eoncedend.
2175 3976 2424 4036 Clericos
2452 3978 2689 4052 insuper
2715 3994 3091 4052 quoscunque
3130 3978 3282 4035 infra
3298 4010 3305 4015 -
3319 3977 3500 4035 archi-

781 4071 984 4126 fiatum
1010 4081 1273 4127 nostrum
1299 4068 1544 4145 praedict.
1574 4086 1744 4143 super
1768 4068 2212 4145 quibuscunque
2238 4068 2574 4127 criminibus
2604 4086 2793 4125 coram
2814 4067 3105 4140 judicibus
3146 4066 3502 4125 secularibus

782 4159 970 4219 irritit.
1014 4181 1115 4219 seu
1163 4161 1402 4219 convict.
1444 4158 1546 4234 qui
1588 4159 1659 4217 de
1691 4160 1825 4233 jure
1866 4171 1921 4218 et
1961 4162 2274 4220 secuudum
2328 4158 2802 4219 consuetudinem
2845 4159 3019 4232 hujus
3063 4158 3226 4235 regni
3268 4158 3504 4233 Angliae

1333 4349 1410 4413 (¹)
1446 4349 1612 4399 These
1637 4349 1796 4399 words
1819 4363 1902 4399 are
1927 4354 2015 4398 not
2036 4348 2091 4398 in
2114 4347 2377 4398 Gastrell’s
2401 4353 2576 4413 patent
2595 4347 2653 4397 of
2671 4360 2937 4396 nnccxvu.
