3882 5037
834 351 985 424 320
1610 346 2381 424 fflppenbtx.—OEonttnznta1
2409 347 2778 411 Ratumenna
3263 390 3266 393 <
3296 355 3481 428 [Pm-
3506 359 3555 416 Ι.

831 547 1195 624 dignioribus
1221 546 1547 624 pastoribus
1586 545 1782 604 habita
1825 566 1958 604 mox
2000 545 2437 620 inquisitionem
2478 546 2819 620 diligentem
2854 545 2979 602 fieri
3007 547 3294 615 volumus,
3323 560 3448 607 tum
3489 551 3559 609 de

832 639 1087 697 moribus
1115 648 1172 695 et
1200 637 1322 693 vita
1348 649 1656 713 pastorum,
1683 657 1747 694 ac
1786 648 2089 703 rectorum,
2118 648 2240 695 tum
2271 639 2342 695 de
2371 638 2555 696 officio
2582 639 2859 713 cujusque
2898 638 3165 713 pastorali
3207 639 3272 697 in
3312 641 3557 699 admini-

831 729 1101 787 stratione
1143 727 1526 795 ecclesiarum,
1555 739 1611 787 et
1653 739 2148 794 sacramentorum,
2177 740 2235 785 et
2274 729 2522 786 breviter
2560 748 2717 785 nunc
2752 728 2985 803 quidem
3006 729 3173 801 juxta
3201 732 3395 805 capita
3433 733 3556 805 ejus

830 819 1240 887 instructionis,
1258 839 1384 893 quae
1409 815 1629 882 uetanis
1657 831 1715 876 et
1741 820 2067 897 pastoribus
2089 815 2125 876 a
2147 818 2540 878 visitatoribus
2566 820 2764 877 relicta
2790 831 2874 877 est
2900 822 3096 893 (quam
3123 820 3555 881 instructionem

829 912 1095 969 volumus
1134 910 1395 985 sing-ulos
1435 910 1509 966 ad
1548 930 1745 969 omnes
1786 907 2233 986 tongtoessatiom
2272 911 2504 977 adferre,
2532 921 2588 967 et
2624 928 2727 985 pro
2757 921 3006 984 tempore
3031 908 3250 974 uetanis
3277 913 3548 979 exhiberi,

831 1012 1001 1076 atque
1050 994 1486 1077 diligentissime
1534 1020 1637 1078 per
1685 1001 1950 1077 singulos
1999 1003 2273 1061 articulos
2330 1001 2665 1072 examinari)
2708 1000 2914 1057 deinde
2959 996 3092 1058 vero
3127 1003 3298 1075 juxta
3345 1015 3553 1063 statuta

832 1089 1175 1169 attitulatis,
1203 1093 1305 1150 ubi
1333 1087 1371 1149 ὲ
1396 1093 1562 1150 nobis
1589 1093 1802 1151 fuerint
1831 1094 2095 1169 perfecta,
2121 1114 2186 1151 ac
2214 1094 2546 1150 confirmata

912 1204 965 1241 v.
1005 1185 1069 1242 Si
1105 1185 1238 1260 quis
1275 1195 1485 1260 pastor,
1514 1185 1633 1243 sive
1672 1196 1852 1243 rector
1889 1186 2064 1243 etiam
2100 1184 2162 1242 in
2200 1184 2444 1242 ecclesia
2486 1187 2592 1241 sua
2630 1183 2897 1249 residens,
2925 1183 3045 1241 sive
3080 1195 3313 1260 propter
3347 1187 3552 1262 populi

833 1277 1279 1344 multitudinem,
1307 1277 1428 1336 sive
1469 1290 1703 1354 propter
1730 1295 2133 1353 quamcunque
2165 1276 2340 1333 aliam
2377 1296 2607 1334 causam
2639 1295 2919 1332 assumere
2947 1275 3086 1333 velit
3111 1276 3409 1344 vicarium,
3435 1277 3552 1336 sive

832 1370 1179 1426 sacellanum
1218 1367 1746 1435 adminicularium,
1776 1389 1907 1426 eum
1953 1388 2068 1426 non
2110 1362 2267 1444 priiis
2309 1368 2651 1435 concionari,
2679 1378 2779 1424 aut
2815 1367 2934 1424 alia
2973 1368 3280 1442 pastoralia
3315 1389 3555 1426 munera

832 1461 1101 1518 volumus
1135 1478 1409 1528 exercere,
1438 1482 1611 1539 quam
1654 1461 1857 1518 habeat
1900 1455 1938 1517 ὲ
1977 1459 2145 1517 nobis
2185 1459 2636 1536 approbationis,
2668 1468 2724 1516 et
2759 1458 3106 1515 sufficientiae
3144 1459 3554 1526 testimonium,

829 1550 985 1626 quod
1028 1561 1083 1607 et
1139 1569 1244 1628 pro
1287 1560 1539 1628 tempore
1580 1548 1819 1619 uetanis,
1854 1572 1919 1609 ac
1963 1550 2169 1610 deinde
2212 1552 2275 1609 in
2320 1551 2506 1627 prima
2554 1546 2783 1626 tapttult
2829 1545 3241 1624 tougtaegattonoe
3285 1550 3550 1609 exhibere

831 1651 1102 1699 teneatur.

909 1753 990 1792 w.
1050 1734 1123 1792 In
1173 1735 1279 1791 hac
1325 1752 1555 1809 quoque
1607 1730 2019 1810 congregatione
2061 1734 2122 1791 id
2164 1736 2433 1792 volumus
2488 1733 2816 1808 diligenter,
2860 1753 2925 1791 ac
2972 1729 3160 1790 severe
3211 1732 3441 1798 servari,
3484 1745 3552 1790 ut

832 1835 1099 1902 pastores,
1122 1835 1292 1899 atque
1323 1835 1564 1883 rectores
1594 1844 1788 1883 omnes
1827 1824 2073 1882 fideliter
2103 1836 2405 1902 exponant,
2428 1845 2493 1882 ac
2518 1825 2776 1890 referant,
2795 1844 2939 1882 num
2969 1824 3117 1881 inter
3146 1845 3278 1882 suos
3309 1825 3553 1882 habeant

830 1914 1177 1981 criminosos,
1204 1915 1577 1982 scandalosos,
1604 1937 1669 1974 ac
1710 1912 1996 1993 praecipue
2038 1918 2343 1976 haereticos.
2427 1918 2583 1974 Nam
2620 1916 2805 1974 sicubi
2846 1918 2989 1973 tales
3028 1916 3158 1981 sint,
3180 1937 3276 1974 eos
3313 1920 3551 1980 betanus

832 2006 1017 2082 primo
1043 2024 1272 2079 quoque
1295 2015 1544 2084 tempore
1569 2008 1641 2065 ad
1669 2028 1773 2066 nos
1797 2009 1945 2066 inter
1964 2010 2081 2066 alia
2106 2005 2541 2084 congregationis
2563 2019 2689 2065 acta
2709 2007 3026 2064 referendos
3051 2018 3226 2064 curet.
3311 2008 3549 2065 Interim

832 2092 982 2165 vero,
1009 2097 1058 2154 si
1082 2097 1227 2171 quid
1254 2097 1336 2155 eis
1364 2094 1693 2157 humanitus
1722 2098 2007 2166 acciderit,
2035 2111 2103 2157 ut
2123 2101 2172 2157 si
2195 2120 2347 2158 mors
2376 2121 2474 2159 eos
2508 2096 2649 2157 forte
2687 2097 3005 2174 contigerit,
3032 2098 3400 2173 praecipimus
3442 2099 3550 2156 tibi

829 2190 1042 2254 bttano,
1064 2198 1236 2263 atque
1262 2189 1530 2247 omnibus
1558 2191 1877 2266 pastoribus
1907 2191 1996 2247 tui
2024 2188 2253 2267 tapttult
2282 2192 2390 2248 sub
2422 2191 2586 2269 gravi
2613 2189 3006 2264 indignatione
3040 2192 3248 2253 nostra,
3268 2207 3340 2245 ne
3376 2209 3550 2263 quem

829 2300 1045 2347 eorum,
1071 2299 1218 2356 quos
1244 2280 1559 2338 constiterit
1586 2282 1647 2339 in
1676 2281 1873 2338 haeresi
1902 2302 1971 2340 ex
1996 2283 2102 2339 hssc
2130 2282 2250 2340 vita
2277 2282 2591 2348 decessisse,
2613 2280 2686 2337 ad
2712 2279 3144 2338 ecclesiasticam
3173 2281 3552 2354 sepulturam,

828 2382 930 2429 aut
959 2371 1337 2428 ecclesiastica
1356 2371 1644 2450 suffragia,
1666 2374 1952 2448 exequias,
1973 2375 2064 2431 vel
2086 2374 2404 2432 oblationes
2429 2371 2725 2430 admittere
2753 2370 3123 2447 praesumatis.
3207 2370 3349 2428 Non
3376 2372 3549 2437 enim,

827 2461 933 2537 qui
970 2462 1137 2520 vivus
1179 2463 1515 2541 contempsit
1554 2464 1816 2523 fidelium
1856 2465 2333 2535 communionem,
2362 2475 2625 2524 mortuus
2662 2484 2797 2522 cum
2839 2463 2923 2521 eis
2960 2481 3321 2521 communem
3356 2465 3550 2539 sepul-

828 2565 1018 2611 turam
1045 2565 1309 2612 meretur.

911 2662 1014 2701 vu.
1056 2645 1141 2700 Ut
1184 2656 1379 2701 autem
1428 2645 1598 2703 etiam
1643 2647 1895 2705 venienti
1936 2650 2136 2707 morbo
2180 2668 2559 2715 occurramus,
2589 2659 2647 2705 et
2682 2647 2940 2704 futurum
2982 2643 3306 2702 antidotum
3352 2657 3551 2705 contra

828 2734 1106 2801 haeresim,
1135 2738 1249 2809 qua
1270 2736 1433 2793 nulla
1460 2747 1543 2794 est
1571 2738 1738 2812 pestis
1765 2739 2153 2815 perniciosior,
2181 2760 2611 2817 comparemus:
2659 2758 2789 2796 cum
2816 2756 2930 2795 non
2962 2734 3152 2793 minus
3179 2737 3348 2795 lectio
3375 2738 3548 2796 libro-

830 2846 974 2893 rum,
990 2845 1165 2900 quam
1191 2827 1533 2885 auscultatio
1555 2829 1858 2887 verborum
1884 2831 2018 2890 fidei
2042 2833 2335 2892 sanitatem
2363 2833 2599 2897 inficiat,
2628 2842 2684 2887 et
2704 2836 3045 2904 corrumpat,
3064 2830 3336 2885 nolumus
3361 2831 3550 2887 ullum

828 2916 1042 2973 librum
1074 2916 1258 2983 vendi,
1295 2928 1395 2974 aut
1429 2920 1693 2976 venalem
1737 2922 1965 2996 exponi,
2003 2922 2115 2979 nisi
2159 2923 2440 2999 permissu
2490 2921 2727 2998 pastoris
2771 2921 2891 2993 ejus
2939 2919 3068 2986 loci,
3100 2919 3172 2976 ad
3199 2940 3373 2995 quem
3416 2921 3548 2978 libri

830 3010 1056 3066 venales
1073 3008 1420 3066 deferuntur.
1483 3010 1701 3067 Curent
1722 3012 1908 3087 igitur
1928 3024 2196 3090 pastores,
2215 3024 2281 3071 ut
2301 3015 2549 3071 habeant
2570 3012 2815 3069 indicem
2838 3010 3117 3069 librorum
3135 3011 3549 3085 prohibitorum

827 3099 1154 3158 auctoritate
1187 3100 1431 3158 Concilii
1477 3101 1803 3160 Tridentini
1840 3107 2038 3178 (quem
2084 3104 2373 3165 observari
2416 3099 2636 3179 integre
2672 3104 2962 3173 volumus)
2999 3113 3055 3160 et
3083 3103 3251 3175 juxta
3288 3105 3545 3178 regulam

828 3191 1107 3249 decimam
1141 3191 1465 3250 examinent
1506 3194 1831 3271 catalogum
1875 3195 2172 3263 librorum,
2204 3196 2309 3274 qui
2339 3193 2619 3253 vendendi
2645 3193 2777 3258 sint,
2798 3196 2847 3250 si
2872 3192 3271 3270 approbandus
3305 3193 3545 3259 videtur,

827 3284 1192 3341 subscribant
1227 3287 1330 3341 sua
1364 3303 1572 3341 manu:
1629 3285 1847 3360 alioqui
1878 3286 2167 3356 librariu8‚
2195 3298 2294 3345 aut
2322 3285 2598 3351 venditor,
2627 3283 2730 3358 qui
2769 3282 2892 3341 sine
2918 3283 3152 3341 licentia
3179 3294 3235 3342 et
3264 3285 3539 3360 approba-

825 3374 979 3432 tione
1018 3375 1258 3451 pastoris
1295 3376 1470 3434 libros
1508 3376 1848 3444 vendiderit,
1895 3390 1998 3436 aut
2039 3378 2204 3435 alteri
2247 3377 2516 3452 legendos
2559 3373 2870 3440 tradiderit,
2918 3373 3220 3431 amissione
3265 3374 3541 3432 librorum

827 3467 1153 3524 mulctetur.
1235 3466 1403 3531 Quod
1430 3466 1479 3524 si
1508 3478 1695 3544 pastor
1725 3469 1788 3526 in
1821 3489 1881 3527 re
1913 3468 2188 3546 ambigua
2230 3469 2442 3526 dubius
2467 3467 2692 3530 haereat,
2721 3464 2793 3520 ad
2820 3465 3085 3523 betauum
3114 3465 3337 3532 referat,
3363 3466 3467 3541 qui
3495 3465 3544 3523 si

824 3577 931 3615 nec
960 3557 1081 3635 ipse
1122 3558 1511 3616 difficultatem
1550 3560 1835 3635 explicare
1876 3572 2069 3637 queat,
2096 3561 2403 3621 consilium
2442 3554 2628 3619 uetant
2657 3555 2943 3613 facultatis
2970 3556 3325 3631 theologicae,
3352 3558 3455 3632 qui
3482 3558 3542 3615 in

823 3653 1017 3706 nostra
1047 3649 1415 3708 universitate
1440 3649 1772 3709 Trevirensi
1798 3661 1897 3718 est,
1929 3663 2217 3727 sequatur.

906 3760 1031 3798 v111.
1072 3736 1385 3808 Postremo,
1414 3761 1486 3799 ne
1514 3742 1645 3819 quis
1670 3742 2046 3818 negligentiae
2075 3756 2176 3800 aut
2202 3740 2527 3821 impunitati
2558 3741 2718 3797 locus
2747 3738 3128 3814 relinquatur,
3159 3741 3445 3804 volumuS,
3477 3748 3542 3794 ut

825 3829 1069 3907 sing-ulis
1107 3831 1272 3890 annis
1306 3836 1563 3901 betamm,
1605 3830 1834 3909 quando
1873 3832 2117 3893 maxime
2152 3836 2512 3894 commodum
2560 3832 2613 3890 ei
2657 3830 2961 3897 videbitur,
3012 3826 3184 3888 semel
3222 3833 3542 3888 Damnatum

824 3942 998 3980 suum
1033 3922 1358 3991 circumeat,
1390 3924 1667 4000 nobisque
1707 3926 1870 3984 factae
1906 3927 2247 3985 visitationis
2284 3947 2387 4004 per
2426 3926 2621 3983 literas
2661 3921 2940 3980 rationem
2979 3921 3195 3986 reddat,
3232 3917 3540 3996 praesertim

824 4013 873 4071 si
929 4014 1072 4089 quid
1117 4025 1314 4073 contra
1360 4016 1687 4093 praescripta
1743 4017 2026 4093 generalis
2068 4018 2426 4083 visitationis,
2457 4025 2559 4073 aut
2601 4022 2816 4071 statuta
2863 4012 3139 4070 tradenda
3177 4013 3543 4070 commissum

822 4106 1120 4175 invenerit,
1163 4127 1472 4183 omnesque
1525 4119 1796 4186 pastores,
1841 4109 2121 4177 ecclesias,
2166 4120 2340 4184 atque
2393 4103 2717 4167 coemeteria
2769 4122 2961 4161 coram
3015 4103 3223 4171 visitet,
3275 4114 3331 4162 et
3376 4104 3543 4176 juxta

822 4199 1252 4258 instructionem
1296 4198 1410 4258 sibi
1449 4218 1514 4257 ac
1562 4200 1677 4258 illis
1722 4196 1761 4257 a
1803 4199 2190 4258 visitatoribus
2234 4200 2505 4265 relictam,
2547 4205 2649 4253 aut
2689 4204 2902 4251 statuta
2942 4194 3210 4252 tradenda
3248 4191 3544 4257 uctauatfis
