3882 5037
1199 513 1804 590 &tussim—wion&
1833 516 1892 575 of
1916 514 2119 578 enlm.
2892 524 3038 596 325

335 723 843 782 Commonesacient
883 731 1077 778 autem
1122 739 1218 777 eos
1264 714 1430 787 serio,
1456 730 1523 776 ut
1566 718 1704 797 ipsis
1747 718 2156 777 catechisticam
2192 719 2493 779 lectionem
2530 740 2709 795 quam
2736 717 3041 799 stepissime

335 823 652 891 proponant,
678 812 817 870 fidei
844 810 1119 869 articulos
1146 810 1372 869 eosdem
1400 810 1688 876 edoceant,
1715 819 1772 866 et
1798 808 2099 885 explicent.

404 899 581 962 Porro
605 923 740 979 quae
768 902 839 961 de
865 902 1049 960 officio
1075 897 1666 977 attblptaessbntttotum
1703 912 2028 959 nostrorum
2063 896 2151 958 hic
2189 900 2539 978 scripsimuS,
2569 902 2651 960 ita
2685 924 2802 962 esse
2831 905 3040 981 scripta

334 997 602 1063 volumus,
629 1006 699 1052 ut
726 1016 809 1060 ea,
832 1013 962 1068 quae
988 1013 1058 1051 ex
1086 993 1257 1051 sacris
1280 993 1614 1060 canonibus,
1643 1013 1884 1068 quaeque
1904 1014 1973 1051 ex
2005 992 2347 1070 praescriptis
2375 993 2876 1054 informationibus
2904 996 3039 1054 visi-

333 1088 489 1154 tandi,
516 1098 575 1145 et
598 1086 857 1143 muneris
887 1085 979 1142 sui
1007 1085 1274 1153 obeundi,
1301 1095 1417 1145 tam
1446 1087 1520 1145 ab
1558 1085 2004 1144 antecessoribus
2044 1086 2267 1152 nostris,
2293 1105 2466 1162 quam
2493 1082 2531 1144 ὲ
2557 1086 2721 1145 nobis
2757 1087 2899 1164 ipsis
2917 1090 3038 1162 jam

333 1190 447 1238 ante
471 1180 608 1237 data
635 1187 790 1245 sunt,
816 1198 935 1237 non
962 1177 1347 1236 excludamus.

1759 1268 1872 1326 CC.
1907 1269 2254 1336 Germanice,
2284 1269 2449 1327 Tom.
2466 1288 2598 1328 vm.
2629 1290 2723 1347 pp.
2749 1274 3035 1340 661‚662.

331 1536 531 1595 Duum
572 1555 649 1594 or
686 1531 1056 1611 annm-asts
1097 1554 1172 1592 oa
1197 1530 1539 1604 &ornamus
1565 1531 1783 1600 Stans,
1811 1551 1928 1591 mn
1971 1553 2041 1592 or
2070 1530 2324 1594 Rasna!
2355 1532 2769 1604 OEonbentions,
2813 1557 2877 1595 m
2916 1558 3035 1597 raa

469 1630 731 1686 Dmcaea
780 1646 849 1684 01¹·
902 1628 1090 1694 Cunr,
1147 1644 1225 1682 av
1280 1626 1553 1684 Annam
1609 1627 1960 1685 Summus
2016 1627 2271 1696 Kosa-m,
2326 1630 2545 1687 B1sn01»
2597 1646 2663 1685 or
2717 1629 2903 1696 Cum,
2931 1632 3034 1698 διο,

466 1719 626 1776 A.D.
648 1735 924 1774 unocxnv.

395 1829 811 1887 OFFICIUM
850 1832 1192 1894 Batauorum,
1221 1847 1396 1905 quam
1429 1828 1574 1886 utile
1602 1840 1658 1886 et
1681 1830 2061 1888 honorificum
2090 1829 2164 1888 sit
2194 1830 2253 1888 in
2283 1832 2517 1891 ecclesia
2547 1832 2679 1901 Dei,
2706 1833 2839 1893 inde
2865 1844 3032 1911 patet.

326 1922 462 1995 quod
489 1922 536 1979 ii
568 1916 1055 1997 attbipttsbytetss
1087 1920 1148 1977 id
1180 1930 1278 1986 est,
1313 1918 1484 1994 primi
1520 1921 1849 1998 presbyteri,
1880 1934 1937 1980 et
1975 1922 2453 1998 presbyteralibus
2489 1925 2689 1983 officiis
2725 1926 3036 1985 eminentes

324 2023 731 2089 nuncupentur.
812 2012 962 2068 Sunt
1009 2021 1196 2068 tamen
1244 2010 1530 2077 nonnulli,
1572 2011 1676 2086 qui
1723 2023 1837 2070 tam
1886 2013 2185 2072 honorifici
2233 2015 2483 2072 muneris
2533 2014 2906 2084 immemores,
2952 2040 3035 2086 ea,

324 2122 438 2177 quae
465 2106 558 2163 sui
594 2114 732 2162 sunt
764 2102 954 2169 officii,
984 2102 1066 2159 ita
1092 2100 1419 2177 negligunt,
1452 2112 1518 2158 ut
1545 2102 1647 2159 illa
1673 2103 1838 2178 quasi
1866 2103 2093 2180 penitus
2121 2104 2385 2179 ignorare
2415 2104 2730 2172 videantur,
2759 2119 2825 2166 ut
2852 2108 3036 2183 igitur

325 2193 451 2262 illos,
478 2198 831 2270 eosdemque
853 2199 1083 2258 betanus
1110 2194 1317 2252 abhinc
1346 2194 1405 2251 in
1436 2195 1781 2269 exequendis
1810 2197 2145 2254 muneribus
2174 2195 2291 2253 suis
2324 2196 2629 2271 diligentes
2661 2219 2727 2256 ac
2759 2201 3032 2259 sollicitos

325 2285 639 2358 habeamus,
665 2289 739 2345 iis
768 2287 977 2353 omnia,
1005 2306 1133 2361 quae
1158 2281 1407 2344 betanali
1436 2285 1620 2344 officio
1646 2299 1993 2363 congruunt,
2020 2286 2154 2344 huic
2182 2286 2394 2360 syuodo
2422 2286 2720 2347 inserenda
2747 2291 3032 2349 duximus.

326 2377 388 2433 In
424 2378 942 2438 constitutionibus
984 2377 1369 2435 Dzialinianis
1398 2377 1481 2434 tit.
1513 2377 1577 2433 de
1604 2379 1657 2434 V
1653 2379 1823 2434 isitat.
1851 2383 1904 2433 el
1931 2378 2476 2454 Couyreyationibus
2506 2399 2616 2454 per
2653 2379 3031 2458 attbipttsz·

325 2473 454 2533 &tos
461 2470 775 2550 faciendis,
803 2468 938 2526 satis
966 2465 1184 2544 prolixe
1227 2479 1564 2527 enarrantur
1603 2465 2202 2545 archipresbyterorum
2243 2468 2458 2536 munia,
2487 2490 2615 2546 quae
2643 2474 3033 2549 praesentibus,

326 2581 382 2619 ac
417 2563 462 2620 si
499 2564 598 2620 hic
642 2581 909 2638 expressa
940 2562 1140 2629 forent,
1168 2562 1239 2620 de
1265 2562 1440 2620 verbo
1467 2562 1541 2618 ad
1569 2562 1809 2620 verbum
1839 2562 2196 2628 assumimus,
2226 2571 2281 2619 et
2308 2560 2660 2621 innovamus.
2743 2566 3033 2625 Noverint

325 2665 582 2727 praeterea
610 2655 749 2712 DD.
779 2650 1242 2730 attbipttssbytett
1270 2654 1389 2713 sive
1429 2650 1615 2713 hetaui
1652 2673 1712 2710 se
1748 2673 2051 2713 commune
2086 2651 2615 2712 archidiaconorum
2655 2667 2713 2714 et
2751 2659 3031 2717 oeconomi

326 2745 555 2803 officium
583 2765 863 2813 exercere,
889 2747 1140 2821 adeoque
1180 2767 1239 2804 se
1277 2765 1378 2821 per
1412 2748 1710 2807 betanatuss
1749 2745 1915 2820 quasi
1946 2745 2225 2820 quosdam
2257 2746 2635 2820 speculatores
2671 2769 2790 2808 esse
2827 2751 3032 2809 consti-

330 2845 482 2905 tuto&
528 2849 601 2895 ut
643 2833 1027 2915 propinquius
1082 2838 1383 2896 observent
1423 2848 1480 2895 et
1520 2839 1813 2914 explorent
1852 2837 2048 2905 vitam,
2091 2856 2292 2905 mores,
2334 2847 2390 2896 et
2429 2839 2678 2898 actiones
2718 2842 2875 2909 cleri,
2917 2863 3034 2900 suae

326 2928 788 2989 animadversioni
829 2929 1128 2996 commissi,
1168 2949 1234 2987 ac
1282 2928 1518 3006 proinde
1561 2928 1611 2985 si
1651 2949 1823 3003 quem
1865 2923 1903 2985 ὲ
1946 2940 2095 2987 recto
2133 2930 2313 2987 statiis
2357 2940 2414 2988 et
2457 2931 2625 2989 officii
2672 2933 2764 2991 sui
2810 2935 3033 2993 tramite

324 3019 688 3080 declinantem
717 3021 1056 3088 audiverint,
1085 3031 1139 3078 et
1167 3021 1557 3096 compererint,
1584 3015 1767 3096 primo
1795 3019 1966 3077 illum
1996 3016 2269 3096 privatim
2296 3020 2444 3080 inter
2469 3041 2546 3089 se,
2569 3033 2625 3081 et
2645 3022 2810 3081 illum
2839 3025 3028 3103 ipsum

323 3108 550 3171 fraterne
577 3113 939 3179 admoneant,
966 3112 1170 3171 deinde
1199 3111 1248 3169 si
1276 3132 1335 3171 se
1360 3131 1476 3169 non
1504 3111 1903 3179 emendaverit,
1934 3111 1996 3169 in
2023 3112 2465 3188 congregatione
2491 3131 2682 3171 coram
2708 3116 3028 3175 senioribus

323 3206 685 3265 confratribus
719 3206 1146 3282 reprehendant,
1176 3204 1226 3262 si
1252 3215 1444 3262 autem
1481 3224 1583 3261 nec
1622 3203 1890 3269 monitus,
1921 3223 2026 3261 nec
2054 3203 2425 3279 reprehensus
2462 3199 2500 3260 ὲ
2531 3207 2684 3262 malo
2711 3208 2805 3264 vel
2842 3210 3026 3284 negli-

323 3299 501 3372 gentis
526 3301 633 3356 sua
662 3297 957 3363 destiterit,
986 3292 1112 3354 tum
1155 3316 1290 3354 cum
1331 3294 1641 3354 summaria
1681 3295 2081 3353 informatione
2123 3294 2290 3352 illum
2334 3296 2408 3352 ad
2447 3313 2567 3361 noe,
2596 3307 2698 3354 aut
2723 3298 3026 3357 officialem

324 3400 567 3447 nostrum
597 3391 927 3466 generalem
954 3387 1219 3446 deferant.

394 3480 453 3538 Si
478 3482 611 3557 quis
653 3482 724 3539 de
763 3482 915 3538 clero
956 3475 1251 3538 inhoneste
1293 3478 1516 3546 vixerit,
1544 3478 1806 3536 foeminas
1834 3487 2121 3554 suspectas
2150 3476 2305 3535 domi
2335 3496 2468 3544 suae,
2494 3489 2596 3535 aut
2622 3490 2780 3539 extra
2807 3483 3025 3550 foverit,

324 3572 403 3627 vel
430 3574 571 3632 tales
611 3593 746 3630 cum
786 3571 916 3630 forti
959 3572 1277 3649 suspicione
1306 3581 1362 3629 et
1389 3571 1591 3649 populi
1617 3571 1884 3628 scandalo
1912 3569 2158 3636 visitare,
2184 3579 2283 3625 aut
2309 3569 2569 3626 tabernas
2598 3582 2654 3629 et
2681 3572 2927 3650 hospitia
2953 3574 3025 3631 ad

323 3666 770 3740 compotandum,
800 3665 891 3722 vel
931 3665 1177 3722 choraeas
1217 3664 1500 3721 ducendas
1540 3662 1698 3720 adire
1739 3661 2127 3729 consueverit,
2182 3659 2231 3718 si
2272 3660 2403 3735 quis
2434 3680 2563 3718 cum
2599 3665 2937 3723 mulieribus
2962 3665 3024 3724 in

324 3771 428 3811 uno
451 3776 626 3814 curru
653 3755 971 3824 discedere3
1027 3755 1077 3813 si
1107 3754 1239 3831 quis
1276 3754 1534 3814 ebrietati
1571 3754 1798 3812 deditus
1825 3754 2013 3812 eidem
2039 3748 2358 3828 frequenter
2380 3752 2698 3821 indulserit,
2726 3768 2830 3814 aut
2854 3777 3024 3833 pecu-

324 3843 463 3902 niam
501 3867 665 3904 suam
708 3847 771 3905 in
805 3867 1039 3904 usuram
1082 3846 1315 3913 dederit,
1348 3847 1468 3905 sive
1513 3845 1782 3904 infamem
1832 3843 2089 3904 simoniae
2135 3845 2322 3902 labem
2371 3845 2748 3915 commiserit;
2803 3849 2852 3906 si
2894 3849 3025 3923 quis

323 3938 718 4012 supellectilem
744 3958 975 4006 sacram,
1003 3933 1289 4016 praecipue
1317 3937 1378 3995 in
1405 3957 1545 3996 auro
1582 3948 1640 3995 et
1670 3947 1932 4012 argento,
1959 3948 2015 3996 et
2054 3936 2443 4014 pretiosiorem
2485 3937 2654 3994 etiam
2695 3939 2758 3997 in
2804 3961 2925 3998 rem
2969 3950 3024 3999 et

321 4029 692 4087 necessitatem
725 4050 848 4087 suae
889 4031 1136 4089 ecclesiae
1169 4031 1310 4089 citra
1353 4050 1673 4106 expressam
1712 4024 1750 4086 a
1780 4028 1947 4087 nobis
1992 4029 2281 4087 obtentam
2329 4027 2391 4086 in
2438 4030 2647 4105 scripto
2692 4031 3022 4090 facultatem

320 4120 784 4196 oppignoraverin
813 4123 1145 4190 vendiderit,
1169 4123 1263 4181 vel
1289 4122 1649 4188 alienaverit3
1706 4120 1755 4178 si
1783 4120 1913 4197 quis
1939 4120 2003 4177 in
2029 4119 2516 4178 administratione
2544 4134 3023 4181 sacramentorum

318 4205 391 4265 ita
415 4213 713 4290 negligens
739 4215 833 4271 vel
873 4214 1066 4272 tardus
1107 4214 1302 4281 fuerit,
1333 4223 1397 4270 ut
1423 4213 1604 4290 ipsius
1633 4213 1820 4287 culpa,
1847 4222 1949 4267 aut
1977 4210 2165 4268 infans
2190 4211 2312 4269 sine
2339 4210 2641 4287 baptismo,
2663 4221 2765 4266 aut
2792 4209 3024 4267 adultus

319 4298 430 4359 sine
466 4304 829 4378 poenitentiae,
863 4304 1228 4372 eucharistiae,
1263 4315 1320 4362 et
1351 4314 1613 4363 extremae
1647 4302 1937 4361 unctionis
1974 4313 2324 4360 sacramento
2357 4301 2532 4375 (quod
2575 4301 2736 4358 Deus
2777 4303 3021 4371 avertat)

321 4393 616 4464 moriatur3
678 4395 728 4452 si
771 4394 902 4453 ouis
937 4408 1352 4454 sacramentum
1395 4395 1743 4454 matrimonii
1782 4394 2027 4452 subditis
2069 4394 2300 4452 alterius
2340 4391 2636 4470 parochiae‚
2671 4409 2786 4447 non
2827 4390 3022 4447 habita
