3882 5037
382 475 533 531 Smer.
552 469 657 543 ΙΙ.]
1241 464 1879 543 &mann—motta
1906 466 1966 527 of
1990 465 2190 532 Basia
2934 475 3084 545 285

365 657 377 666 ’
458 671 652 736 “Quia
676 681 744 727 tu
776 669 854 725 N.
884 668 1217 743 requisitus,
1234 679 1301 726 ut
1327 667 1579 734 titulum,
1608 686 1708 726 seu
1735 668 2190 728 commissionem
2219 670 2308 728 tui
2336 671 2598 729 beneficii
2624 671 2963 739 ostenderes,
2986 684 3087 730 aut

384 763 452 821 ab
479 761 832 820 inofficiando
859 761 1186 819 desisteresz
1227 757 1587 834 requisitioni
1613 759 1937 834 hujusmodi
1964 780 2081 818 non
2108 761 2382 838 paruisti;
2432 762 2560 821 ideo
2587 762 2921 821 auctoritate
2947 762 3087 820 mihi

384 856 637 913 concessa
664 864 720 911 te
748 852 808 909 in
838 852 929 909 his
954 851 1178 929 scriptis
1202 872 1238 909 a
1264 850 1475 908 divinis
1501 850 1803 925 suspendo,
1833 852 1922 909 vel
1951 872 2291 928 suspensum
2322 853 2618 912 denuncio.
2700 855 2918 912 Datum
2949 853 3088 912 &c.’'

461 964 544 1002 111.
585 942 858 1006 finanus
897 963 1162 1002 excessus
1198 942 1465 1008 notorios,
1494 942 1586 999 vel
1615 941 1924 1019 praesertim
1952 943 2102 1009 illos,
2127 944 2340 1018 quibus
2381 944 2617 1003 ecclesia
2655 946 3090 1013 scandalizatur,

385 1055 849 1113 quorumcunque
875 1034 1025 1093 infra
1064 1053 1234 1092 suum
1273 1037 1597 1093 betanatttm
1641 1033 2123 1102 beneficiatorum,
2152 1056 2251 1094 seu
2281 1035 2526 1093 aliorum
2555 1037 2912 1106 clericorum,
2940 1037 3087 1096 infra

386 1150 549 1188 unam
591 1128 942 1204 quindenam
986 1146 1022 1183 a
1062 1136 1315 1202 tempore
1358 1144 1477 1182 suae
1514 1124 1733 1183 notitiae
1774 1128 2172 1203 computando,
2214 1125 2397 1194 nobis,
2437 1127 2668 1195 vicario,
2711 1129 2954 1197 officiali,
2997 1132 3089 1188 vel

390 1221 555 1280 fiscali
580 1231 773 1279 nostro
799 1216 1071 1282 notificet,
1100 1227 1156 1275 et
1182 1217 1534 1285 conscribat3
1586 1216 1740 1292 quod
1782 1216 1830 1273 si
1870 1216 2172 1294 negligens
2200 1218 2390 1285 fuerit,
2419 1224 2589 1296 poena
2628 1220 2915 1297 condigna
2956 1241 3088 1280 eum

388 1315 644 1372 volumus
669 1308 956 1368 mulctari.
1037 1308 1186 1365 Sunt
1207 1319 1394 1367 autem
1421 1307 1737 1366 scandalosi
1760 1328 2059 1367 excessusz
2101 1309 2321 1367 furtum
2352 1310 2735 1378 manifestum,
2755 1312 3093 1379 vulneratio,

391 1403 681 1467 mutilatio,
710 1398 1102 1464 homicidium,
1130 1398 1426 1457 fornicatio
1454 1398 1805 1465 scandalosa,
1833 1401 1924 1458 vel
1951 1395 2092 1459 adeo
2125 1400 2368 1467 notoria,
2394 1422 2525 1478 quae
2564 1403 2727 1460 nulla
2766 1404 2943 1481 possit
2984 1416 3092 1462 ter-

389 1493 752 1571 giversatione
780 1490 972 1550 celari.
1059 1490 1223 1558 Item,
1250 1491 1299 1548 si
1327 1490 1563 1549 clericus
1593 1487 1908 1548 literatorie
1955 1491 2480 1551 excommunicatus
2520 1493 2723 1551 missas
2763 1495 3095 1560 celebraret,

395 1588 477 1644 vel
515 1586 575 1641 in
615 1584 827 1642 divinis
868 1581 1228 1649 ministraret,
1255 1583 1500 1657 legendo
1539 1582 1855 1659 epistolam,
1884 1583 1978 1639 vel
2006 1583 2370 1658 evangelium
2400 1586 2501 1643 διε.
2585 1586 2750 1652 Item,
2779 1586 2829 1643 si
2855 1585 3096 1644 clericus

393 1680 772 1752 cujuscunque
822 1674 1006 1733 statsss
1059 1683 1187 1750 post
1240 1672 1611 1731 monitionem
1662 1671 1968 1739 verbalem,
2016 1693 2119 1732 seu
2172 1675 2458 1752 scriptam,
2507 1696 2566 1735 se
2609 1677 2872 1743 tabernis,
2926 1676 3098 1741 ludis,

394 1767 769 1846 lupanaribus,
787 1777 887 1824 aut
915 1765 1358 1841 quibuscunque
1379 1765 1508 1822 aliis
1528 1763 1744 1833 illicitis
1764 1764 2004 1832 actibus,
2023 1785 2127 1823 seu
2147 1765 2433 1843 litigiosis,
2451 1768 2541 1825 vel
2569 1768 2678 1825 sibi
2707 1788 2809 1845 per
2832 1773 3095 1829 bttauum

398 1858 697 1935 prohibitis,
726 1870 782 1915 et
807 1857 897 1915 his
925 1856 1213 1914 similibus
1238 1856 1598 1915 immisceret.

470 1969 540 2008 tv.
595 1948 882 2016 Daunus,
930 1959 1032 2006 aut
1086 1948 1437 2006 camerarius
1490 1948 1644 2005 bona
1696 1946 2035 2006 clericorum
2089 1948 2211 2007 sine
2265 1948 2482 2009 fertone
2540 1951 2953 2019 decedentium,
3010 1952 3099 2010 vel

399 2043 664 2102 defectum
708 2041 987 2100 natalium
1029 2039 1385 2116 patientium,
1429 2040 1624 2097 nostra
1662 2037 2002 2096 auctoritate
2043 2039 2233 2097 statim
2274 2051 2526 2108 arrestet,
2555 2051 2611 2100 et
2638 2041 2932 2101 defunctos
2959 2043 3100 2099 tales

401 2155 519 2192 mox
545 2134 771 2201 vicario,
794 2134 889 2191 vel
914 2131 1092 2189 fiscali
1121 2143 1310 2190 nostro
1339 2130 1664 2188 denunciet.
1746 2130 1808 2187 Si
1850 2150 1986 2190 vero
2026 2131 2358 2190 defunctum
2398 2131 2674 2192 fertonem
2717 2134 2925 2191 habere
2964 2153 3099 2191 con-

403 2226 599 2302 tigerit,
628 2225 792 2282 illum
823 2225 946 2284 sine
974 2226 1131 2281 mora
1160 2223 1373 2281 vicario
1400 2233 1593 2281 nostro
1623 2223 1983 2281 transmittat.

472 2338 523 2375 v.
561 2313 829 2381 finanus
874 2316 1157 2374 beneficia
1199 2335 1301 2391 per
1344 2326 1604 2382 mortem,
1632 2314 1728 2373 vel
1768 2314 1911 2372 alias
1951 2314 2209 2373 vacantia
2249 2335 2348 2392 per
2385 2333 2652 2392 personas
2692 2317 2926 2375 idoneas
2965 2335 3098 2372 cum

399 2408 533 2466 scitu
574 2408 770 2466 vicarii
812 2408 992 2467 nostri
1032 2407 1316 2486 provideri
1356 2407 1544 2476 faciat,
1571 2425 1875 2483 quousque
1916 2427 2017 2484 per
2056 2426 2178 2475 nos,
2204 2407 2297 2465 vel
2324 2405 2600 2466 vicarium
2640 2417 2895 2466 nostrum
2934 2405 3101 2465 aliter

401 2500 560 2559 fuerit
587 2499 928 2560 ordinatum.

473 2612 547 2650 η
585 2590 853 2656 finanus
874 2591 1122 2667 singulis
1146 2591 1310 2651 annis
1341 2591 1552 2649 vicario
1580 2601 1775 2649 nostro
1796 2591 2051 2649 notificet
2077 2603 2340 2658 rectores,
2360 2612 2465 2650 seu
2484 2599 2714 2651 curatos
2737 2591 3098 2651 ecclesiarum

400 2686 815 2763 parochialium,
844 2687 949 2761 qui
975 2686 1038 2743 in
1061 2686 1182 2743 suis
1209 2685 1458 2743 ecclesiis
1487 2681 1857 2762 personaliter
1884 2705 1998 2744 non
2029 2686 2292 2744 resident.

473 2798 578 2837 vu.
618 2779 842 2836 Nullus
884 2780 1124 2840 bannus
1167 2787 1301 2834 ante
1346 2797 1507 2833 suam
1552 2776 2038 2834 confirmationem
2078 2799 2114 2835 a
2154 2778 2335 2846 nobiS,
2363 2778 2454 2836 vel
2481 2776 2693 2836 vicario
2721 2787 2916 2835 nostro
2956 2777 3102 2835 obti-

400 2871 652 2936 nendam,
677 2892 744 2929 ac
785 2872 1120 2949 priusquam
1142 2869 1534 2943 juramentum
1578 2888 1749 2926 suum
1780 2869 1944 2928 nobis
1973 2870 2312 2948 praestiterit,
2343 2870 2591 2929 officium
2628 2866 2819 2929 bttanl
2846 2889 3103 2929 exercere

403 2974 713 3040 praesumat.

475 3074 595 3112 vm.
638 3049 836 3112 Primo
870 3054 1108 3128 jurabit,
1134 3047 1291 3129 quod
1332 3052 1599 3111 mandata
1638 3063 1850 3120 nostra,
1883 3052 2102 3119 vicarii,
2131 3066 2186 3112 et
2213 3054 2538 3113 officialium
2581 3064 2907 3112 nostrorum
2949 3073 3104 3112 reve-

404 3157 584 3204 renter
621 3160 951 3222 exequatur,
980 3167 1047 3204 ac
1088 3146 1269 3213 nobis,
1298 3156 1354 3204 et
1394 3146 1600 3205 eisdem
1642 3146 1828 3204 fidelis
1856 3146 1982 3211 erit,
2004 3146 2274 3220 quodque
2300 3147 2567 3213 officium,
2596 3147 2668 3204 ad
2694 3146 2851 3220 quod
2891 3145 3105 3202 electus

401 3250 496 3306 est,
537 3236 839 3319 diligenter
881 3239 1179 3297 exercebit.
1266 3239 1411 3296 Item
1458 3234 1615 3313 quod
1652 3231 1885 3296 'Statuta
1933 3238 2258 3314 Synodalia,
2285 3238 2549 3312 quotiens
2600 3234 2843 3313 capitula
2891 3233 3104 3294 ruralia

402 3329 753 3387 celebrantur
796 3331 1015 3400 (saltem
1058 3331 1233 3389 semel
1271 3330 1332 3387 in
1370 3334 1547 3400 anno)
1581 3329 1960 3387 confratribus
2006 3329 2127 3385 suis
2166 3330 2239 3386 ad
2279 3329 2631 3388 intellectum
2675 3328 3011 3405 publicabit,
3040 3348 3108 3386 ea

400 3441 620 3498 qnoque
645 3419 890 3481 fideliter
916 3422 1253 3489 observabit,
1282 3434 1339 3480 et
1365 3423 1438 3480 ab
1466 3422 1595 3480 aliis
1625 3425 1931 3496 (quantum
1961 3421 2024 3479 in
2051 3439 2120 3478 eo
2145 3424 2255 3494 est)
2297 3420 2584 3479 observari
2603 3478 2606 3483 ,
2624 3421 2824 3487 faciat3
2877 3419 3009 3476 dolo
3049 3431 3107 3477 et

402 3513 589 3573 fraude
628 3514 874 3574 semotis.
954 3515 1042 3572 Ac
1083 3511 1320 3590 insuper
1367 3534 1627 3573 excessus
1674 3514 2021 3573 confratrum
2067 3533 2302 3572 suorum
2348 3513 2546 3590 (prout
2591 3513 2664 3570 ad
2718 3531 2778 3569 se
2830 3515 3106 3589 spectant)

402 3605 710 3683 corrigere3
751 3606 1169 3683 incorrigibiles
1196 3625 1331 3664 vero
1360 3627 1463 3683 pro
1488 3626 1685 3664 eorum
1708 3606 2046 3673 excessibus,
2068 3624 2171 3682 pro
2195 3605 2407 3680 quibus
2434 3605 2722 3663 deferendi
2750 3615 2902 3672 sunt,
2922 3605 3105 3674 nobis,

404 3697 488 3754 vel
512 3697 740 3764 vicario,
769 3708 870 3755 aut
898 3698 1124 3757 officiali
1150 3699 1376 3766 nostris,
1404 3699 1621 3757 deferre
1650 3718 1768 3756 non
1797 3697 2060 3765 tardabit,
2086 3698 2299 3773 absque
2328 3696 2477 3765 d010‚
2507 3700 2598 3756 vel
2628 3698 2837 3756 fraude.

480 3807 551 3847 ιι.
590 3787 860 3869 Daunus
889 3810 989 3866 per
1014 3810 1091 3857 se,
1109 3792 1200 3848 vel
1229 3810 1329 3866 per
1356 3791 1747 3858 camerarium,
1770 3791 1862 3848 vel
1887 3787 2011 3848 una
2035 3810 2165 3848 cum
2192 3790 2517 3857 camerario,
2543 3790 2647 3848 ubi
2673 3810 2896 3849 necasse
2917 3790 3106 3858 fuerit,

402 3878 637 3956 singulis
677 3880 843 3939 annis
883 3891 1137 3958 tempore
1179 3882 1287 3940 sibi
1316 3878 1496 3960 magis
1522 3883 1819 3942 commodo
1847 3893 1905 3940 et
1931 3882 2307 3949 convenienti,
2334 3882 2406 3940 ad
2435 3881 2627 3940 minus
2655 3877 2826 3940 semel
2853 3882 3109 3960 singulas

401 3970 584 4029 visitet
608 3973 893 4038 ecclesias,
910 3974 1000 4030 vel
1022 3975 1264 4050 capellas
1292 3975 1443 4033 infra
1471 3994 1641 4033 suum
1665 3978 1998 4036 minutatum¹
2014 3973 2368 4041 constitutas,
2387 3974 2768 4051 perquirendo
2788 3974 3106 4051 diligenter,

402 4066 682 4138 quomodo
722 4067 976 4124 sacerdos
1018 4066 1357 4142 parochialis
1397 4067 1701 4141 cujuslibet
1727 4066 1998 4133 ecclesiae,
2026 4077 2082 4123 et
2106 4062 2206 4124 alii
2235 4066 2552 4125 sacerdotes
2578 4068 2853 4133 locorum,
2881 4066 2953 4123 ad
2979 4084 3108 4140 quae

401 4156 784 4225 declinaverit,
802 4178 862 4216 se
888 4169 1105 4234 regant,
1126 4169 1244 4216 tam
1271 4158 1333 4216 in
1359 4158 1848 4217 administratione
1878 4168 2373 4224 sacramentorum,
2391 4157 2765 4216 celebratione
2788 4157 3106 4220 missarum,

400 4267 573 4323 quam
597 4250 742 4316 aliis,
770 4269 899 4325 quae
925 4250 997 4308 ad
1026 4249 1272 4308 officium
1298 4270 1467 4307 suum
1502 4260 1776 4326 spectant.
1857 4249 2140 4306 Habendo
2180 4248 2352 4306 etiam
2398 4258 2713 4323 respectum
2755 4246 3107 4322 diligentem,

399 4360 480 4396 an
515 4341 870 4409 eucharistia,
899 4361 1121 4400 sacrum
1163 4342 1369 4410 oleum,
1398 4340 1730 4419 baptismus,
1757 4352 1815 4399 et
1853 4340 1970 4399 alia
2008 4341 2115 4398 sub
2157 4339 2347 4398 debita
2376 4338 2649 4404 custodia,
2679 4338 2772 4395 vel
2799 4337 2860 4395 in
2886 4334 3108 4393 decenti
