3882 5037
825 456 977 528 304
1598 447 2367 527 ssppmblx.—OEouttn2utal
2397 449 2766 516 Dotumtuts.
3290 457 3479 530 [Pin-r
3503 460 3548 515 Ι.

826 648 1069 728 εεῳίῒιιῐει
1107 648 1339 719 rutulis,
1366 661 1571 726 quater
1604 649 1851 727 singulis
1887 648 2070 716 annis,
2093 660 2198 709 aut
2229 650 2427 709 saltem
2468 651 2574 717 bis,
2605 652 2707 710 ubi
2744 651 2822 719 id,
2852 660 3081 729 propter
3110 654 3547 731 amplitudinem

823 744 1144 810 bttauatt'm,
1185 746 1462 802 hactenus
1504 743 1588 801 ita
1628 744 1993 803 observatum
2034 742 2160 810 fuit,
2204 754 2535 811 convocent,
2577 744 2640 802 in
2679 743 2911 821 quibus,
2952 754 3256 820 postquam
3299 748 3550 806 solennis

828 838 1018 904 missa,
1045 837 1138 895 vel
1174 854 1278 911 pro
1315 834 1617 902 defunctis,
1645 836 1735 894 vel
1772 835 1845 894 de
1870 834 2093 912 Spiritu
2121 836 2348 904 Sancto,
2376 854 2532 893 more
2566 847 2861 904 consueto,
2890 835 3200 895 solenniter
3224 848 3464 906 cantata,
3491 850 3552 898 et

825 929 1022 987 concio
1062 928 1135 986 ad
1177 928 1459 1003 populum
1498 927 1572 984 ab
1611 928 1810 1003 aliquo
1849 946 2068 994 eorum,
2095 949 2132 986 a
2158 929 2356 987 betuna
2384 929 2456 985 ad
2484 930 2589 987 hoc
2616 923 2774 1006 prius
2802 928 3110 995 admonito,
3138 929 3333 988 habita
3358 930 3552 999 fuerit,

826 1024 981 1095 (quae
1018 1019 1081 1077 in
1123 1019 1366 1096 singulis
1403 1016 1688 1095 capitulis,
1713 1030 1844 1078 ante
1872 1020 2103 1097 negotia
2129 1020 2482 1097 capitularia,
2511 1021 2634 1079 fieri
2661 1022 2893 1091 debent)
2920 1019 3118 1096 aliqua
3145 1040 3274 1097 pars
3303 1041 3547 1098 praesen-

825 1110 972 1168 tium
1013 1110 1484 1169 constitutionum
1525 1124 1846 1171 nostrarum
1889 1112 2274 1189 synodalium,
2313 1121 2368 1171 et
2410 1114 2722 1189 praesertim
2764 1132 2848 1179 ea,
2887 1132 3017 1186 quae
3056 1131 3163 1188 pro
3203 1122 3547 1189 temporum,

824 1222 1030 1270 rerum,
1057 1213 1114 1259 et
1153 1222 1523 1278 personarum
1563 1205 1913 1272 necessitate,
1941 1217 2268 1282 opportuna
2305 1204 2430 1264 visa
2469 1205 2701 1272 fuerint,
2740 1205 2831 1263 vel
2872 1205 2946 1261 ab
2987 1203 3127 1280 ipsis
3165 1201 3408 1273 uetanis,
3449 1209 3544 1265 vel

825 1295 1133 1353 eorundem
1152 1294 1339 1367 jussu,
1356 1296 1430 1354 ab
1458 1297 1574 1354 alio
1600 1297 1964 1364 confratrum,
1988 1297 2379 1374 capitulariter
2395 1296 2757 1374 congregatis
2778 1295 3178 1372 praelegantur.
3260 1296 3332 1353 Id
3353 1307 3548 1355 autem

824 1406 895 1444 eo
947 1386 1148 1444 ordine
1193 1387 1309 1453 fiat,
1337 1398 1404 1445 ut
1446 1399 1749 1466 praesentes
1793 1388 2227 1447 constitutiones
2273 1408 2487 1456 omnes,
2517 1384 2554 1446 a
2596 1385 2875 1465 principio
2915 1386 2988 1443 ad
3025 1387 3200 1445 finem
3240 1407 3440 1462 usque,
3482 1389 3545 1446 in

822 1477 1070 1545 biennio,
1097 1478 1191 1536 vel
1232 1480 1306 1537 ad
1349 1499 1637 1537 summum
1678 1479 1740 1538 in
1788 1479 2053 1549 trienni0,
2081 1474 2305 1557 penitus
2346 1481 2729 1557 perlegantur.
2810 1479 2968 1544 Quas
3003 1478 3235 1554 quidem
3275 1480 3546 1537 constitu-

823 1568 1007 1628 tiones
1050 1570 1162 1647 ipsi
1210 1568 1420 1638 bttaui,
1463 1582 1740 1647 tanquam
1794 1572 2102 1631 earundem
2142 1567 2181 1630 a
2218 1571 2387 1629 nobis
2432 1571 2692 1648 deputati
2744 1579 3087 1638 executores,
3135 1569 3549 1629 inviolabiliter

823 1660 1142 1728 observent,
1167 1673 1225 1721 et
1250 1664 1322 1720 ab
1348 1662 1494 1731 aliis,
1520 1674 1803 1738 quantum
1830 1662 1892 1720 in
1920 1662 2003 1722 eis
2029 1662 2218 1730 fuerit,
2243 1662 2527 1720 observari
2555 1660 2779 1720 faciant.

899 1771 982 1809 νι.
1027 1751 1219 1811 Lectis
1244 1754 1472 1812 statutis
1497 1753 1881 1831 synodalibus,
1908 1754 2201 1812 conferant
2227 1750 2414 1813 uetant
2443 1772 2576 1811 cum
2602 1752 2721 1809 suis
2761 1751 3143 1810 confratribus
3183 1753 3256 1811 de
3295 1752 3391 1820 iis,
3416 1773 3548 1828 quae

820 1842 896 1899 ab
937 1843 1075 1901 boni
1115 1843 1356 1921 pastoris
1395 1844 1662 1913 officium,
1690 1856 1747 1904 et
1785 1846 1859 1904 ad
1894 1865 2091 1903 curam
2123 1845 2443 1903 animarum
2469 1839 2619 1903 recte
2647 1844 2953 1920 gerendam
2980 1843 3284 1921 pertinent,
3312 1854 3372 1902 et
3410 1863 3545 1902 con-

816 1936 1011 1992 sulant
1051 1936 1120 1993 de
1161 1936 1608 2006 difficultatibus,
1637 1938 2088 2014 gravaminibus,
2108 1948 2165 1996 et
2205 1936 2581 1996 incommodis
2622 1935 2933 2009 cujuslibet
2970 1935 3242 2002 ecclesiae,
3282 1955 3536 2010 quorum

817 2026 1141 2104 explicatio,
1169 2029 1263 2087 vel
1288 2030 1618 2096 remedium,
1643 2030 1887 2089 aliorum
1915 2030 2237 2098 consilium,
2262 2041 2321 2089 et
2349 2049 2583 2106 operam
2610 2028 2872 2104 requirat.
2955 2027 3018 2084 Si
3044 2026 3187 2102 quid
3231 2027 3305 2085 ab
3344 2027 3542 2102 aliquo

816 2117 1186 2186 confratrum,
1214 2138 1314 2178 seu
1353 2120 1525 2178 etiam
1566 2122 1868 2188 sacellano,
1896 2130 2001 2179 aut
2039 2120 2246 2197 quovis
2287 2121 2404 2179 alio
2443 2119 2670 2186 clerico,
2695 2119 2759 2176 in
2797 2139 2904 2176 suo
2943 2121 3210 2178 bttauatu
3233 2119 3544 2186 habitante,

816 2220 1013 2268 contra
1038 2230 1301 2278 canones,
1318 2212 1643 2271 Concilium
1660 2213 2082 2281 Tridentinum‚
2101 2215 2196 2272 vel
2217 2214 2317 2270 has
2338 2199 2558 2271 nostras
2581 2210 3014 2269 constitutiones
3038 2221 3335 2286 peccatum
3355 2210 3545 2277 suerit,

817 2299 878 2358 id
923 2321 1055 2359 cum
1098 2302 1450 2361 confratrum
1493 2304 1731 2362 consilio
1769 2303 2069 2380 corrigant.
2152 2304 2215 2361 Si
2255 2323 2399 2378 quos
2434 2299 2569 2362 vero
2603 2303 2856 2362 notorios
2888 2305 2943 2363 et
2974 2303 3264 2380 graviores
3305 2302 3448 2360 cleri
3488 2314 3546 2361 et

817 2393 1014 2469 populi
1042 2414 1326 2464 excessus,
1348 2396 1561 2471 quibus
1589 2396 1828 2455 ecclesia
1855 2396 1971 2454 Dei
1998 2395 2436 2464 scandalizatur,
2461 2406 2518 2453 et
2544 2395 2753 2471 quibus
2782 2395 2890 2472 ipsi
2917 2395 3130 2453 mederi
3155 2414 3269 2453 non
3298 2394 3540 2471 possint,

814 2504 1179 2564 quorumque
1207 2487 1481 2547 correctio
1507 2488 1582 2546 ad
1606 2491 1841 2551 butanus
1867 2507 1985 2545 non
2013 2497 2241 2565 spectet,
2271 2496 2337 2545 ut
2363 2496 2495 2544 sunt
2523 2485 2887 2555 adulterium,
2908 2485 3130 2544 furtum
3157 2483 3544 2553 manifestum,

815 2580 1204 2647 homicidium,
1235 2601 1410 2639 usura
1436 2582 1751 2649 manifesta,
1779 2580 2094 2647 fornicatio,
2123 2592 2182 2638 et
2208 2580 2324 2637 alia
2350 2578 2681 2653 hujusmodi
2711 2581 2927 2654 majora
2964 2587 3022 2635 et
3062 2577 3286 2636 notoria
3313 2577 3544 2643 delicta,

814 2671 1164 2730 commisisse
1192 2672 1600 2749 compererint3
1655 2673 1825 2739 Item,
1854 2673 1903 2730 si
1945 2671 2217 2731 clericum
2257 2670 2828 2738 excommunicatum,
2855 2688 3213 2746 suspensum,
3238 2669 3333 2726 νε]
3369 2667 3543 2725 inter-

814 2760 1051 2829 dictum,
1093 2760 1319 2839 publice
1359 2764 1422 2820 in
1463 2763 1701 2822 ecclesis
1748 2764 1979 2820 missam
2022 2762 2322 2830 celebrare,
2361 2764 2452 2820 νε]
2492 2762 2604 2821 alia
2642 2762 2956 2820 ministeria
2995 2758 3373 2818 ecclesiastica
3413 2778 3541 2835 per-

812 2870 1015 2926 agere:
1054 2863 1112 2909 et
1139 2852 1190 2910 si
1216 2852 1469 2927 aliquem
1496 2853 1785 2920 clericum,
1810 2856 2202 2928 cujuscunque
2229 2853 2444 2928 gradas
2469 2864 2569 2911 aut
2596 2852 2894 2929 dignitatis
2921 2851 3110 2916 fuerit,
3131 2862 3259 2928 post
3282 2850 3544 2908 admoni-

811 2941 1041 3009 tionem,
1068 2962 1127 2999 se
1162 2943 1553 3019 lupanaribus,
1580 2944 1848 3010 tabernis,
1874 2943 2028 3001 ludis
2067 2944 2331 3021 publicis,
2361 2945 2715 3021 spectaculis,
2743 2944 2899 3010 rixis,
2929 2944 3296 3011 temulentiis,
3322 2954 3379 3001 et
3408 2942 3543 3001 aliis

813 3033 1030 3091 illicitis
1061 3033 1280 3093 actibus
1312 3032 1545 3111 publice
1576 3035 1911 3103 immiscere,
1938 3037 2032 3093 vel
2063 3035 2439 3094 concubinam
2465 3039 2619 3095 alere
2650 3036 3171 3102 animadverterint,
3198 3034 3293 3106 (de
3325 3033 3543 3110 quibus

812 3125 1081 3184 omnibus
1110 3122 1318 3194 uetanti,
1343 3137 1615 3203 tanquam
1650 3127 2045 3204 episcoporum
2084 3126 2255 3194 oculi,
2283 3126 2344 3184 in
2388 3146 2494 3186 suo
2528 3128 2770 3204 quisque
2808 3128 3087 3195 districtu,
3115 3121 3313 3184 sedqu
3348 3124 3541 3199 inqui-

811 3236 935 3275 rere
961 3220 1252 3290 tenentur)
1279 3238 1375 3277 eos
1401 3236 1618 3286 omnes,
1637 3218 1697 3278 vi
1715 3218 2027 3294 juramenti
2056 3217 2224 3277 nobis
2251 3218 2504 3294 praestiti,
2526 3218 2680 3277 infra
2706 3239 2891 3277 unum
2923 3238 3188 3284 mensem,
3218 3211 3258 3274 a
3283 3227 3541 3292 tempore

808 3309 1029 3368 notitiae
1084 3312 1547 3388 computandum,
1594 3310 1780 3378 nobis,
1828 3310 2060 3378 vicario,
2109 3313 2200 3370 vel
2255 3311 2610 3387 procuratori
2663 3323 2859 3370 nostro
2913 3309 3109 3376 fiscali,
3160 3308 3435 3372 deferant,
3481 3320 3540 3366 et

808 3400 1118 3460 notificent.

889 3511 991 3552 vn.
1033 3493 1096 3552 Si
1126 3494 1257 3570 quis
1288 3495 1531 3554 clericus
1558 3496 1649 3553 vel
1680 3495 1862 3552 meus
1898 3493 2193 3552 baereticus
2225 3512 2362 3561 esse,
2388 3495 2480 3552 νε]
2514 3490 2661 3552 male
2693 3514 2759 3551 ac
2796 3487 3073 3570 perverse,
3101 3491 3165 3549 in
3197 3490 3367 3547 rebus
3400 3489 3539 3546 fidei

808 3595 1029 3651 nostrae,
1059 3587 1259 3644 dooere
1295 3598 1353 3646 et
1388 3588 1613 3654 sentire,
1641 3587 1894 3643 detectus
1924 3585 2115 3652 fuerit,
2141 3584 2391 3642 officium
2427 3581 2614 3644 unani
2650 3584 2915 3660 inprimis
2946 3596 3047 3650 est,
3079 3581 3322 3640 eundem
3349 3579 3536 3647 nobis,

812 3676 904 3731 νε]
930 3675 1155 3744 vicarie,
1177 3680 1600 3753 procuratorive
1631 3688 1826 3736 nostro
1859 3676 2038 3735 fiscali
2072 3674 2338 3742 indicare,
2360 3685 2416 3732 et
2442 3674 2692 3743 deferre3
2732 3684 2801 3732 ut
2830 3685 3053 3733 tantum
3085 3674 3325 3739 malum,
3349 3670 3536 3747 prius-

805 3761 983 3841 quam
1025 3764 1202 3826 latius
1245 3780 1452 3844 serpat,
1491 3780 1772 3844 quantum
1813 3767 2085 3844 possibile
2124 3767 2311 3834 fuerit,
2351 3762 2382 3823 ὲ
2426 3766 2612 3849 medio
2653 3766 2901 3824 tollatur.
2987 3765 3148 3822 Idem
3194 3782 3422 3838 quoque
3462 3762 3539 3819 ad

809 3857 1091 3927 habentes,
1132 3879 1230 3917 seu
1274 3861 1530 3936 legentes
1572 3860 1749 3918 libros
1791 3859 2100 3927 haereticos,
2137 3869 2195 3916 et
2236 3858 2569 3935 prohibitos,
2606 3859 2700 3916 νε]
2738 3857 2866 3917 aliis
2906 3857 3092 3916 modis
3127 3877 3187 3916 se
3225 3856 3295 3913 de
3335 3850 3538 3911 hoeresi

808 3961 1098 4024 suspectos
1127 3951 1438 4018 reddentes,
1460 3952 1835 4020 extendimus,
1854 3951 1969 4009 nisi
1995 3950 2273 4008 admoniti
2295 3950 2637 4027 resipiscant.

887 4058 1011 4098 vm.
1054 4042 1293 4119 Ignotos
1338 4044 1588 4112 clericos,
1632 4039 1878 4103 maxime
1923 4042 1974 4101 si
2016 4042 2108 4100 illi
2151 4051 2252 4100 aut
2298 4042 2630 4109 sacerdotes,
2668 4050 2771 4098 aut
2817 4037 3080 4099 monachi
3122 4035 3235 4095 sint
3277 4033 3534 4111 profugi,

805 4133 1044 4196 betanus
1091 4134 1153 4192 in
1205 4140 1311 4193 sua
1363 4135 1577 4195 ditione
1629 4157 1746 4195 non
1801 4137 1971 4195 ferat:
2027 4153 2133 4193 nec
2174 4153 2503 4209 quenquam
2547 4133 2621 4190 ad
2665 4131 3135 4198 concionandum,
3180 4134 3536 4185 sacramenta

807 4223 1335 4293 administrandum,
1383 4226 1682 4285 missamve
1736 4222 1966 4304 publice
2015 4226 2338 4293 dicendum,
2372 4225 2663 4284 admittat:
2722 4224 2820 4283 sed
2866 4217 3054 4300 potius
3101 4219 3412 4297 prohibeat,
3459 4217 3534 4275 ab

807 4314 1001 4391 eisque
1027 4326 1227 4384 arceat,
1251 4328 1309 4375 et
1332 4319 1588 4393 repellat,
1609 4318 1723 4377 nisi
1741 4338 1802 4376 se
1831 4336 1932 4394 per
1959 4328 2195 4384 nostras,
2218 4316 2310 4374 vel
2330 4315 2532 4374 vicarii
2557 4313 2733 4374 nostri
2759 4315 2968 4381 literas,
2990 4314 3065 4372 ad
3091 4314 3198 4371 hoc
3219 4311 3530 4369 admissum
