<?xml version="1.0" encoding="UTF-8"?>
<!DOCTYPE html PUBLIC "-//W3C//DTD XHTML 1.0 Transitional//EN"
    "http://www.w3.org/TR/xhtml1/DTD/xhtml1-transitional.dtd">
<html xmlns="http://www.w3.org/1999/xhtml" xml:lang="en" lang="en">
 <head>
  <title>
</title>
<meta http-equiv="Content-Type" content="text/html;charset=utf-8" />
  <meta name='ocr-system' content='tesseract 3.04.00' />
  <meta name='ocr-capabilities' content='ocr_page ocr_carea ocr_par ocr_line ocrx_word'/>
</head>
<body>
  <div class='ocr_page' id='page_1' title='image "./horaedecanicaer03dansgoog_0290.png"; bbox 0 0 3882 5037; ppageno 0'>
   <div class='ocr_carea' id='block_1_1' title="bbox 828 477 3556 560">
    <p class='ocr_par' dir='ltr' id='par_1_1' title="bbox 828 477 3556 560">
     <span class='ocr_line' id='line_1_1' title="bbox 828 477 3556 560; baseline 0 -14"><span class='ocrx_word' id='word_1_1' title='bbox 828 482 983 555; x_wconf 79' lang='grc'><strong>274</strong></span> <span class='ocrx_word' id='word_1_2' title='bbox 1606 477 2380 558; x_wconf 59' lang='lat' dir='ltr'><strong>appmuix.—eeonttuenta1</strong></span> <span class='ocrx_word' id='word_1_3' title='bbox 2407 481 2776 547; x_wconf 55' lang='lat' dir='ltr'><strong>worumnus.</strong></span> <span class='ocrx_word' id='word_1_4' title='bbox 3287 487 3482 560; x_wconf 58' lang='lat' dir='ltr'><strong>[Pim-</strong></span> <span class='ocrx_word' id='word_1_5' title='bbox 3509 490 3556 546; x_wconf 89' lang='grc' dir='ltr'><strong>Ι.</strong></span> 
     </span>
    </p>
   </div>
   <div class='ocr_carea' id='block_1_2' title="bbox 831 681 3560 3883">
    <p class='ocr_par' dir='ltr' id='par_1_2' title="bbox 831 681 3555 852">
     <span class='ocr_line' id='line_1_2' title="bbox 831 681 3555 760; baseline 0.002 -21"><span class='ocrx_word' id='word_1_6' title='bbox 831 695 1037 748; x_wconf 90' lang='lat' dir='ltr'><strong>tamen,</strong></span> <span class='ocrx_word' id='word_1_7' title='bbox 1068 694 1135 739; x_wconf 90' lang='lat' dir='ltr'><strong>ut</strong></span> <span class='ocrx_word' id='word_1_8' title='bbox 1162 682 1270 758; x_wconf 91' lang='lat' dir='ltr'><strong>ipsi</strong></span> <span class='ocrx_word' id='word_1_9' title='bbox 1298 692 1549 758; x_wconf 89' lang='lat' dir='ltr'><strong>pastores</strong></span> <span class='ocrx_word' id='word_1_10' title='bbox 1578 681 1637 739; x_wconf 89' lang='lat' dir='ltr'><strong>in</strong></span> <span class='ocrx_word' id='word_1_11' title='bbox 1667 683 2073 760; x_wconf 82' lang='lat' dir='ltr'>componendis</span> <span class='ocrx_word' id='word_1_12' title='bbox 2101 684 2575 760; x_wconf 88' lang='lat' dir='ltr'><strong>parochianorum</strong></span> <span class='ocrx_word' id='word_1_13' title='bbox 2602 704 2838 742; x_wconf 89' lang='lat' dir='ltr'><strong>suorum</strong></span> <span class='ocrx_word' id='word_1_14' title='bbox 2863 682 3128 750; x_wconf 87' lang='lat' dir='ltr'><strong>dissidiis,</strong></span> <span class='ocrx_word' id='word_1_15' title='bbox 3155 687 3390 748; x_wconf 68' lang='lat' dir='ltr'><strong>bttanos</strong></span> <span class='ocrx_word' id='word_1_16' title='bbox 3416 706 3555 745; x_wconf 89' lang='lat' dir='ltr'><strong>suos</strong></span> 
     </span>
     <span class='ocr_line' id='line_1_3' title="bbox 831 773 3394 852; baseline 0.001 -20"><span class='ocrx_word' id='word_1_17' title='bbox 831 773 1141 851; x_wconf 85' lang='lat' dir='ltr'><strong>praevenire</strong></span> <span class='ocrx_word' id='word_1_18' title='bbox 1168 773 1429 840; x_wconf 91' lang='lat' dir='ltr'><strong>debeant,</strong></span> <span class='ocrx_word' id='word_1_19' title='bbox 1459 785 1516 830; x_wconf 94' lang='lat' dir='ltr'><strong>et</strong></span> <span class='ocrx_word' id='word_1_20' title='bbox 1544 773 1592 831; x_wconf 90' lang='lat' dir='ltr'><strong>si</strong></span> <span class='ocrx_word' id='word_1_21' title='bbox 1622 793 1767 852; x_wconf 89' lang='lat' dir='ltr'><strong>opus</strong></span> <span class='ocrx_word' id='word_1_22' title='bbox 1796 775 1989 843; x_wconf 87' lang='lat' dir='ltr'><strong>fuerit,</strong></span> <span class='ocrx_word' id='word_1_23' title='bbox 2018 795 2219 834; x_wconf 89' lang='lat' dir='ltr'><strong>eorum</strong></span> <span class='ocrx_word' id='word_1_24' title='bbox 2245 777 2525 835; x_wconf 82' lang='lat' dir='ltr'><strong>auxilium</strong></span> <span class='ocrx_word' id='word_1_25' title='bbox 2565 789 2623 835; x_wconf 93' lang='lat' dir='ltr'><strong>et</strong></span> <span class='ocrx_word' id='word_1_26' title='bbox 2647 775 3050 834; x_wconf 74' lang='lat' dir='ltr'><strong>authoritatem</strong></span> <span class='ocrx_word' id='word_1_27' title='bbox 3070 776 3394 852; x_wconf 85' lang='lat' dir='ltr'><strong>implorare.</strong></span> 
     </span>
    </p>

    <p class='ocr_par' dir='ltr' id='par_1_3' title="bbox 831 861 3557 1567">
     <span class='ocr_line' id='line_1_4' title="bbox 912 861 3555 944; baseline 0.003 -22"><span class='ocrx_word' id='word_1_28' title='bbox 912 886 973 923; x_wconf 90' lang='lat'><strong>11.</strong></span> <span class='ocrx_word' id='word_1_29' title='bbox 1016 867 1211 941; x_wconf 91' lang='lat' dir='ltr'><strong>thue</strong></span> <span class='ocrx_word' id='word_1_30' title='bbox 1237 861 1423 924; x_wconf 68' lang='lat' dir='ltr'><strong>beraut</strong></span> <span class='ocrx_word' id='word_1_31' title='bbox 1450 875 1567 922; x_wconf 90' lang='lat' dir='ltr'><strong>tam</strong></span> <span class='ocrx_word' id='word_1_32' title='bbox 1598 867 1849 942; x_wconf 63' lang='lat' dir='ltr'><strong>praefata,</strong></span> <span class='ocrx_word' id='word_1_33' title='bbox 1869 888 2044 944; x_wconf 91' lang='lat' dir='ltr'><strong>quam</strong></span> <span class='ocrx_word' id='word_1_34' title='bbox 2073 870 2233 928; x_wconf 88' lang='lat' dir='ltr'><strong>varia</strong></span> <span class='ocrx_word' id='word_1_35' title='bbox 2253 870 2387 936; x_wconf 91' lang='lat' dir='ltr'><strong>alia,</strong></span> <span class='ocrx_word' id='word_1_36' title='bbox 2415 889 2545 944; x_wconf 81' lang='lat' dir='ltr'><strong>quae</strong></span> <span class='ocrx_word' id='word_1_37' title='bbox 2570 888 2769 927; x_wconf 90' lang='lat' dir='ltr'><strong>eorum</strong></span> <span class='ocrx_word' id='word_1_38' title='bbox 2796 867 3094 943; x_wconf 88' lang='lat' dir='ltr'><strong>dignitatis</strong></span> <span class='ocrx_word' id='word_1_39' title='bbox 3120 881 3177 926; x_wconf 90' lang='lat' dir='ltr'><strong>et</strong></span> <span class='ocrx_word' id='word_1_40' title='bbox 3203 871 3374 928; x_wconf 89' lang='lat' dir='ltr'><strong>officii</strong></span> <span class='ocrx_word' id='word_1_41' title='bbox 3402 884 3555 939; x_wconf 87' lang='lat' dir='ltr'><strong>sunt,</strong></span> 
     </span>
     <span class='ocr_line' id='line_1_5' title="bbox 831 952 3557 1034; baseline 0.002 -20"><span class='ocrx_word' id='word_1_42' title='bbox 831 953 1087 1015; x_wconf 65' lang='lat' dir='ltr'><strong>exactius</strong></span> <span class='ocrx_word' id='word_1_43' title='bbox 1115 969 1173 1015; x_wconf 92' lang='lat' dir='ltr'><strong>et</strong></span> <span class='ocrx_word' id='word_1_44' title='bbox 1201 952 1519 1015; x_wconf 65' lang='lat' dir='ltr'><strong>accuratius</strong></span> <span class='ocrx_word' id='word_1_45' title='bbox 1557 971 1928 1033; x_wconf 81' lang='lat' dir='ltr'><strong>exequantur,</strong></span> <span class='ocrx_word' id='word_1_46' title='bbox 1955 971 2127 1034; x_wconf 90' lang='lat' dir='ltr'><strong>atque</strong></span> <span class='ocrx_word' id='word_1_47' title='bbox 2164 961 2225 1018; x_wconf 90' lang='lat' dir='ltr'><strong>in</strong></span> <span class='ocrx_word' id='word_1_48' title='bbox 2263 961 2529 1019; x_wconf 90' lang='lat' dir='ltr'><strong>omnibus</strong></span> <span class='ocrx_word' id='word_1_49' title='bbox 2565 959 2973 1019; x_wconf 82' lang='lat' dir='ltr'><strong>conscientiam</strong></span> <span class='ocrx_word' id='word_1_50' title='bbox 3012 977 3175 1017; x_wconf 89' lang='lat' dir='ltr'><strong>suam</strong></span> <span class='ocrx_word' id='word_1_51' title='bbox 3214 974 3557 1030; x_wconf 83' lang='lat' dir='ltr'><strong>exonerent3</strong></span> 
     </span>
     <span class='ocr_line' id='line_1_6' title="bbox 832 1049 3555 1127; baseline 0.002 -20"><span class='ocrx_word' id='word_1_52' title='bbox 832 1050 938 1107; x_wconf 91' lang='lat' dir='ltr'><strong>hoc</strong></span> <span class='ocrx_word' id='word_1_53' title='bbox 979 1051 1167 1125; x_wconf 76' lang='lat' dir='ltr'><strong>prt‘mo</strong></span> <span class='ocrx_word' id='word_1_54' title='bbox 1209 1052 1453 1108; x_wconf 73' lang='lat' dir='ltr'><strong>triennio</strong></span> <span class='ocrx_word' id='word_1_55' title='bbox 1495 1050 1740 1127; x_wconf 84' lang='lat' dir='ltr'><strong>singulis</strong></span> <span class='ocrx_word' id='word_1_56' title='bbox 1780 1053 1964 1119; x_wconf 89' lang='lat' dir='ltr'><strong>annis,</strong></span> <span class='ocrx_word' id='word_1_57' title='bbox 1991 1052 2127 1109; x_wconf 89' lang='lat' dir='ltr'><strong>dein</strong></span> <span class='ocrx_word' id='word_1_58' title='bbox 2155 1072 2292 1112; x_wconf 88' lang='lat' dir='ltr'><strong>vero</strong></span> <span class='ocrx_word' id='word_1_59' title='bbox 2319 1053 2399 1109; x_wconf 86' lang='lat' dir='ltr'><strong>ad</strong></span> <span class='ocrx_word' id='word_1_60' title='bbox 2423 1054 2614 1110; x_wconf 81' lang='lat' dir='ltr'><strong>minus</strong></span> <span class='ocrx_word' id='word_1_61' title='bbox 2638 1052 2879 1127; x_wconf 45' lang='lat' dir='ltr'><strong>sin-mdis</strong></span> <span class='ocrx_word' id='word_1_62' title='bbox 2906 1052 3158 1117; x_wconf 77' lang='lat' dir='ltr'><strong>bienniis,</strong></span> <span class='ocrx_word' id='word_1_63' title='bbox 3186 1049 3384 1111; x_wconf 85' lang='lat' dir='ltr'><strong>sedqu</strong></span> <span class='ocrx_word' id='word_1_64' title='bbox 3411 1065 3469 1112; x_wconf 87' lang='lat' dir='ltr'><strong>et</strong></span> <span class='ocrx_word' id='word_1_65' title='bbox 3494 1055 3555 1113; x_wconf 91' lang='lat' dir='ltr'><strong>in</strong></span> 
     </span>
     <span class='ocr_line' id='line_1_7' title="bbox 833 1141 3551 1221; baseline 0.003 -24"><span class='ocrx_word' id='word_1_66' title='bbox 833 1142 1035 1200; x_wconf 90' lang='lat' dir='ltr'><strong>timore</strong></span> <span class='ocrx_word' id='word_1_67' title='bbox 1064 1141 1282 1199; x_wconf 90' lang='lat' dir='ltr'><strong>domini</strong></span> <span class='ocrx_word' id='word_1_68' title='bbox 1312 1141 1568 1200; x_wconf 88' lang='lat' dir='ltr'><strong>omnium</strong></span> <span class='ocrx_word' id='word_1_69' title='bbox 1597 1143 1691 1200; x_wconf 91' lang='lat' dir='ltr'><strong>sui</strong></span> <span class='ocrx_word' id='word_1_70' title='bbox 1718 1143 2012 1202; x_wconf 62' lang='lat' dir='ltr'><strong>districtus</strong></span> <span class='ocrx_word' id='word_1_71' title='bbox 2040 1144 2440 1221; x_wconf 78' lang='lat' dir='ltr'><strong>parochiarum</strong></span> <span class='ocrx_word' id='word_1_72' title='bbox 2467 1144 2850 1203; x_wconf 72' lang='lat' dir='ltr'><strong>visitationem</strong></span> <span class='ocrx_word' id='word_1_73' title='bbox 2878 1143 3196 1211; x_wconf 88' lang='lat' dir='ltr'><strong>instituent,</strong></span> <span class='ocrx_word' id='word_1_74' title='bbox 3223 1150 3342 1220; x_wconf 64' lang='lat' dir='ltr'><strong>qua</strong></span> <span class='ocrx_word' id='word_1_75' title='bbox 3375 1147 3551 1205; x_wconf 78' lang='lat' dir='ltr'><strong>medi-</strong></span> 
     </span>
     <span class='ocr_line' id='line_1_8' title="bbox 831 1233 3556 1314; baseline 0.003 -24"><span class='ocrx_word' id='word_1_76' title='bbox 831 1244 979 1300; x_wconf 82' lang='lat' dir='ltr'><strong>ante,</strong></span> <span class='ocrx_word' id='word_1_77' title='bbox 1017 1234 1236 1309; x_wconf 82' lang='lat' dir='ltr'><strong>possint</strong></span> <span class='ocrx_word' id='word_1_78' title='bbox 1276 1233 1563 1311; x_wconf 89' lang='lat' dir='ltr'><strong>integrum</strong></span> <span class='ocrx_word' id='word_1_79' title='bbox 1606 1237 1882 1312; x_wconf 89' lang='lat' dir='ltr'><strong>cujusque</strong></span> <span class='ocrx_word' id='word_1_80' title='bbox 1926 1236 2207 1314; x_wconf 65' lang='lat' dir='ltr'><strong>parochiae.</strong></span> <span class='ocrx_word' id='word_1_81' title='bbox 2247 1247 2455 1294; x_wconf 89' lang='lat' dir='ltr'><strong>statum</strong></span> <span class='ocrx_word' id='word_1_82' title='bbox 2497 1233 2661 1312; x_wconf 71' lang='lat' dir='ltr'><strong>plene</strong></span> <span class='ocrx_word' id='word_1_83' title='bbox 2707 1256 3063 1311; x_wconf 81' lang='lat' dir='ltr'><strong>cognoscere,</strong></span> <span class='ocrx_word' id='word_1_84' title='bbox 3102 1257 3349 1313; x_wconf 90' lang='lat' dir='ltr'><strong>eumque</strong></span> <span class='ocrx_word' id='word_1_85' title='bbox 3390 1239 3556 1298; x_wconf 88' lang='lat' dir='ltr'><strong>nobis</strong></span> 
     </span>
     <span class='ocr_line' id='line_1_9' title="bbox 833 1326 3556 1406; baseline 0.002 -24"><span class='ocrx_word' id='word_1_86' title='bbox 833 1326 1023 1402; x_wconf 66' lang='lat' dir='ltr'><strong>(copia</strong></span> <span class='ocrx_word' id='word_1_87' title='bbox 1049 1327 1170 1400; x_wconf 88' lang='lat' dir='ltr'><strong>ejus</strong></span> <span class='ocrx_word' id='word_1_88' title='bbox 1184 1327 1337 1403; x_wconf 90' lang='lat' dir='ltr'><strong>apud</strong></span> <span class='ocrx_word' id='word_1_89' title='bbox 1368 1348 1427 1385; x_wconf 91' lang='lat' dir='ltr'><strong>se</strong></span> <span class='ocrx_word' id='word_1_90' title='bbox 1456 1331 1696 1398; x_wconf 69' lang='lat' dir='ltr'><strong>retenta)</strong></span> <span class='ocrx_word' id='word_1_91' title='bbox 1716 1326 1960 1387; x_wconf 70' lang='lat' dir='ltr'><strong>fideliter</strong></span> <span class='ocrx_word' id='word_1_92' title='bbox 1990 1328 2224 1397; x_wconf 87' lang='lat' dir='ltr'><strong>referre;</strong></span> <span class='ocrx_word' id='word_1_93' title='bbox 2271 1341 2338 1386; x_wconf 88' lang='lat' dir='ltr'><strong>ut</strong></span> <span class='ocrx_word' id='word_1_94' title='bbox 2362 1330 2468 1387; x_wconf 64' lang='lat' dir='ltr'><strong>hac</strong></span> <span class='ocrx_word' id='word_1_95' title='bbox 2498 1329 2740 1405; x_wconf 82' lang='lat' dir='ltr'><strong>pleniori</strong></span> <span class='ocrx_word' id='word_1_96' title='bbox 2768 1329 2958 1386; x_wconf 67' lang='lat' dir='ltr'><strong>habita</strong></span> <span class='ocrx_word' id='word_1_97' title='bbox 2988 1329 3212 1395; x_wconf 68' lang='lat' dir='ltr'><strong>notitia,</strong></span> <span class='ocrx_word' id='word_1_98' title='bbox 3233 1328 3556 1406; x_wconf 86' lang='lat' dir='ltr'><strong>intelligere</strong></span> 
     </span>
     <span class='ocr_line' id='line_1_10' title="bbox 831 1417 3556 1498; baseline 0.002 -24"><span class='ocrx_word' id='word_1_99' title='bbox 831 1428 889 1475; x_wconf 87' lang='lat' dir='ltr'><strong>et</strong></span> <span class='ocrx_word' id='word_1_100' title='bbox 915 1428 1157 1476; x_wconf 85' lang='lat' dir='ltr'><strong>statuere</strong></span> <span class='ocrx_word' id='word_1_101' title='bbox 1181 1419 1491 1486; x_wconf 89' lang='lat' dir='ltr'><strong>valeamus,</strong></span> <span class='ocrx_word' id='word_1_102' title='bbox 1510 1440 1638 1495; x_wconf 82' lang='lat' dir='ltr'><strong>quae</strong></span> <span class='ocrx_word' id='word_1_103' title='bbox 1663 1439 1764 1497; x_wconf 92' lang='lat' dir='ltr'><strong>pro</strong></span> <span class='ocrx_word' id='word_1_104' title='bbox 1792 1421 1944 1480; x_wconf 89' lang='lat' dir='ltr'><strong>bono</strong></span> <span class='ocrx_word' id='word_1_105' title='bbox 1970 1421 2229 1480; x_wconf 87' lang='lat' dir='ltr'><strong>dioecesis</strong></span> <span class='ocrx_word' id='word_1_106' title='bbox 2256 1433 2464 1481; x_wconf 83' lang='lat' dir='ltr'><strong>nostrae</strong></span> <span class='ocrx_word' id='word_1_107' title='bbox 2493 1421 2770 1498; x_wconf 89' lang='lat' dir='ltr'><strong>regimine</strong></span> <span class='ocrx_word' id='word_1_108' title='bbox 2796 1417 3002 1479; x_wconf 63' lang='lat' dir='ltr'><strong>exinde</strong></span> <span class='ocrx_word' id='word_1_109' title='bbox 3031 1420 3381 1479; x_wconf 82' lang='lat' dir='ltr'><strong>occurrerint</strong></span> <span class='ocrx_word' id='word_1_110' title='bbox 3403 1422 3556 1480; x_wconf 89' lang='lat' dir='ltr'><strong>ordi-</strong></span> 
     </span>
     <span class='ocr_line' id='line_1_11' title="bbox 833 1501 2392 1567; baseline 0.001 0"><span class='ocrx_word' id='word_1_111' title='bbox 833 1509 1037 1567; x_wconf 87' lang='lat' dir='ltr'><strong>nanda.</strong></span> <span class='ocrx_word' id='word_1_112' title='bbox 1640 1507 1643 1510; x_wconf 64' lang='grc'><strong>’</strong></span> <span class='ocrx_word' id='word_1_113' title='bbox 2371 1501 2392 1519; x_wconf 72' lang='grc'><strong><em>’</em></strong></span> 
     </span>
    </p>

    <p class='ocr_par' dir='ltr' id='par_1_4' title="bbox 831 1599 3560 2414">
     <span class='ocr_line' id='line_1_12' title="bbox 913 1599 3560 1683; baseline 0.002 -25"><span class='ocrx_word' id='word_1_114' title='bbox 913 1601 1078 1659; x_wconf 87' lang='lat' dir='ltr'><strong>Hanc</strong></span> <span class='ocrx_word' id='word_1_115' title='bbox 1108 1599 1487 1660; x_wconf 86' lang='lat' dir='ltr'><strong>visitationem</strong></span> <span class='ocrx_word' id='word_1_116' title='bbox 1522 1600 1711 1663; x_wconf 69' lang='lat' dir='ltr'><strong>uetant</strong></span> <span class='ocrx_word' id='word_1_117' title='bbox 1752 1605 1968 1682; x_wconf 85' lang='lat' dir='ltr'><strong>singuli</strong></span> <span class='ocrx_word' id='word_1_118' title='bbox 2007 1605 2309 1665; x_wconf 90' lang='lat' dir='ltr'><strong>instituent</strong></span> <span class='ocrx_word' id='word_1_119' title='bbox 2350 1604 2553 1683; x_wconf 64' lang='lat' dir='ltr'><strong>prima,</strong></span> <span class='ocrx_word' id='word_1_120' title='bbox 2585 1615 2686 1663; x_wconf 90' lang='lat' dir='ltr'><strong>aut</strong></span> <span class='ocrx_word' id='word_1_121' title='bbox 2726 1615 2877 1663; x_wconf 88' lang='lat' dir='ltr'><strong>certe</strong></span> <span class='ocrx_word' id='word_1_122' title='bbox 2919 1603 3169 1664; x_wconf 70' lang='lat' dir='ltr'><strong>secunda</strong></span> <span class='ocrx_word' id='word_1_123' title='bbox 3203 1604 3560 1665; x_wconf 71' lang='lat' dir='ltr'><strong>hebdomada</strong></span> 
     </span>
     <span class='ocr_line' id='line_1_13' title="bbox 831 1692 3559 1771; baseline 0.003 -22"><span class='ocrx_word' id='word_1_124' title='bbox 831 1704 957 1770; x_wconf 94' lang='lat' dir='ltr'><strong>post</strong></span> <span class='ocrx_word' id='word_1_125' title='bbox 982 1693 1323 1751; x_wconf 88' lang='lat' dir='ltr'><strong>dominicam</strong></span> <span class='ocrx_word' id='word_1_126' title='bbox 1352 1694 1417 1750; x_wconf 79' lang='lat' dir='ltr'><strong>in</strong></span> <span class='ocrx_word' id='word_1_127' title='bbox 1446 1696 1609 1753; x_wconf 75' lang='lat' dir='ltr'><strong>Albis</strong></span> <span class='ocrx_word' id='word_1_128' title='bbox 1625 1718 1647 1761; x_wconf 82' lang='grc'><strong>,-</strong></span> <span class='ocrx_word' id='word_1_129' title='bbox 1689 1717 1861 1771; x_wconf 92' lang='lat' dir='ltr'><strong>quam</strong></span> <span class='ocrx_word' id='word_1_130' title='bbox 1890 1698 2040 1756; x_wconf 85' lang='lat' dir='ltr'><strong>infra</strong></span> <span class='ocrx_word' id='word_1_131' title='bbox 2072 1718 2326 1756; x_wconf 89' lang='lat' dir='ltr'><strong>mensem</strong></span> <span class='ocrx_word' id='word_1_132' title='bbox 2351 1717 2465 1755; x_wconf 93' lang='lat' dir='ltr'><strong>non</strong></span> <span class='ocrx_word' id='word_1_133' title='bbox 2494 1692 2710 1755; x_wconf 70' lang='lat' dir='ltr'><strong>tantum</strong></span> <span class='ocrx_word' id='word_1_134' title='bbox 2738 1697 3067 1765; x_wconf 84' lang='lat' dir='ltr'><strong>absolvent;</strong></span> <span class='ocrx_word' id='word_1_135' title='bbox 3105 1695 3198 1754; x_wconf 87' lang='lat' dir='ltr'><strong>sed</strong></span> <span class='ocrx_word' id='word_1_136' title='bbox 3230 1697 3400 1755; x_wconf 88' lang='lat' dir='ltr'><strong>etiam</strong></span> <span class='ocrx_word' id='word_1_137' title='bbox 3428 1710 3559 1758; x_wconf 87' lang='lat' dir='ltr'><strong>ante</strong></span> 
     </span>
     <span class='ocr_line' id='line_1_14' title="bbox 834 1784 3560 1865; baseline 0.003 -24"><span class='ocrx_word' id='word_1_138' title='bbox 834 1785 1039 1843; x_wconf 65' lang='lat' dir='ltr'><strong>festum</strong></span> <span class='ocrx_word' id='word_1_139' title='bbox 1072 1785 1416 1843; x_wconf 63' lang='lat' dir='ltr'><strong>Pentecoste-‘1</strong></span> <span class='ocrx_word' id='word_1_140' title='bbox 1443 1784 1702 1863; x_wconf 71' lang='lat' dir='ltr'><strong>proxime</strong></span> <span class='ocrx_word' id='word_1_141' title='bbox 1731 1808 1992 1864; x_wconf 89' lang='lat' dir='ltr'><strong>sequens,</strong></span> <span class='ocrx_word' id='word_1_142' title='bbox 2021 1790 2097 1847; x_wconf 89' lang='lat' dir='ltr'><strong>ad</strong></span> <span class='ocrx_word' id='word_1_143' title='bbox 2123 1809 2226 1847; x_wconf 87' lang='lat' dir='ltr'><strong>nos</strong></span> <span class='ocrx_word' id='word_1_144' title='bbox 2254 1791 2636 1847; x_wconf 85' lang='lat' dir='ltr'><strong>transmittent</strong></span> <span class='ocrx_word' id='word_1_145' title='bbox 2661 1800 2786 1847; x_wconf 88' lang='lat' dir='ltr'><strong>acta</strong></span> <span class='ocrx_word' id='word_1_146' title='bbox 2814 1788 2989 1855; x_wconf 86' lang='lat' dir='ltr'><strong>illius,</strong></span> <span class='ocrx_word' id='word_1_147' title='bbox 3017 1784 3198 1845; x_wconf 69' lang='lat' dir='ltr'><strong>nitide</strong></span> <span class='ocrx_word' id='word_1_148' title='bbox 3223 1800 3560 1865; x_wconf 87' lang='lat' dir='ltr'><strong>servatoque</strong></span> 
     </span>
     <span class='ocr_line' id='line_1_15' title="bbox 834 1875 3557 1958; baseline 0.002 -26"><span class='ocrx_word' id='word_1_149' title='bbox 834 1875 1030 1933; x_wconf 87' lang='lat' dir='ltr'><strong>ordine</strong></span> <span class='ocrx_word' id='word_1_150' title='bbox 1056 1875 1377 1954; x_wconf 90' lang='lat' dir='ltr'><strong>descripta;</strong></span> <span class='ocrx_word' id='word_1_151' title='bbox 1439 1876 1834 1954; x_wconf 71' lang='lat' dir='ltr'><strong>compendiose</strong></span> <span class='ocrx_word' id='word_1_152' title='bbox 1871 1882 1944 1938; x_wconf 91' lang='lat' dir='ltr'><strong>ad</strong></span> <span class='ocrx_word' id='word_1_153' title='bbox 1981 1886 2103 1956; x_wconf 85' lang='lat' dir='ltr'><strong>ejus</strong></span> <span class='ocrx_word' id='word_1_154' title='bbox 2144 1882 2357 1938; x_wconf 88' lang='lat' dir='ltr'><strong>calcem</strong></span> <span class='ocrx_word' id='word_1_155' title='bbox 2393 1881 2703 1958; x_wconf 87' lang='lat' dir='ltr'><strong>redigendo</strong></span> <span class='ocrx_word' id='word_1_156' title='bbox 2740 1892 2956 1958; x_wconf 89' lang='lat' dir='ltr'><strong>puncta</strong></span> <span class='ocrx_word' id='word_1_157' title='bbox 2994 1881 3113 1946; x_wconf 84' lang='lat' dir='ltr'><strong>illa,</strong></span> <span class='ocrx_word' id='word_1_158' title='bbox 3141 1900 3272 1955; x_wconf 80' lang='lat' dir='ltr'><strong>quae</strong></span> <span class='ocrx_word' id='word_1_159' title='bbox 3305 1899 3412 1957; x_wconf 93' lang='lat' dir='ltr'><strong>pro</strong></span> <span class='ocrx_word' id='word_1_160' title='bbox 3440 1880 3557 1938; x_wconf 89' lang='lat' dir='ltr'><strong>sin·</strong></span> 
     </span>
     <span class='ocr_line' id='line_1_16' title="bbox 834 1968 3558 2049; baseline 0.003 -25"><span class='ocrx_word' id='word_1_161' title='bbox 834 1968 991 2043; x_wconf 91' lang='lat' dir='ltr'><strong>gulis</strong></span> <span class='ocrx_word' id='word_1_162' title='bbox 1018 1969 1320 2045; x_wconf 89' lang='lat' dir='ltr'><strong>parochiis,</strong></span> <span class='ocrx_word' id='word_1_163' title='bbox 1349 1988 1586 2028; x_wconf 84' lang='lat' dir='ltr'><strong>examen</strong></span> <span class='ocrx_word' id='word_1_164' title='bbox 1614 1980 1670 2029; x_wconf 91' lang='lat' dir='ltr'><strong>et</strong></span> <span class='ocrx_word' id='word_1_165' title='bbox 1697 1972 2064 2031; x_wconf 86' lang='lat' dir='ltr'><strong>attentionem</strong></span> <span class='ocrx_word' id='word_1_166' title='bbox 2104 1983 2356 2030; x_wconf 91' lang='lat' dir='ltr'><strong>nostram</strong></span> <span class='ocrx_word' id='word_1_167' title='bbox 2396 1969 2705 2049; x_wconf 67' lang='lat' dir='ltr'><strong>specialius</strong></span> <span class='ocrx_word' id='word_1_168' title='bbox 2733 1973 3020 2047; x_wconf 87' lang='lat' dir='ltr'><strong>requirere</strong></span> <span class='ocrx_word' id='word_1_169' title='bbox 3049 1972 3409 2030; x_wconf 87' lang='lat' dir='ltr'><strong>videbuntur.</strong></span> <span class='ocrx_word' id='word_1_170' title='bbox 3494 1973 3558 2031; x_wconf 91' lang='lat' dir='ltr'><strong>Si</strong></span> 
     </span>
     <span class='ocr_line' id='line_1_17' title="bbox 834 2054 3558 2142; baseline 0.001 -25"><span class='ocrx_word' id='word_1_171' title='bbox 834 2054 986 2126; x_wconf 80' lang='lat' dir='ltr'><strong>vero,</strong></span> <span class='ocrx_word' id='word_1_172' title='bbox 1013 2060 1086 2118; x_wconf 93' lang='lat' dir='ltr'><strong>ob</strong></span> <span class='ocrx_word' id='word_1_173' title='bbox 1117 2061 1360 2120; x_wconf 90' lang='lat' dir='ltr'><strong>rationes</strong></span> <span class='ocrx_word' id='word_1_174' title='bbox 1390 2061 1761 2138; x_wconf 88' lang='lat' dir='ltr'><strong>particulares</strong></span> <span class='ocrx_word' id='word_1_175' title='bbox 1787 2063 1881 2121; x_wconf 90' lang='lat' dir='ltr'><strong>hic</strong></span> <span class='ocrx_word' id='word_1_176' title='bbox 1911 2064 2163 2139; x_wconf 86' lang='lat' dir='ltr'><strong>longiori</strong></span> <span class='ocrx_word' id='word_1_177' title='bbox 2193 2068 2349 2121; x_wconf 66' lang='lat' dir='ltr'><strong>mora</strong></span> <span class='ocrx_word' id='word_1_178' title='bbox 2377 2083 2520 2141; x_wconf 90' lang='lat' dir='ltr'><strong>opus</strong></span> <span class='ocrx_word' id='word_1_179' title='bbox 2546 2064 2738 2130; x_wconf 87' lang='lat' dir='ltr'><strong>fuerit,</strong></span> <span class='ocrx_word' id='word_1_180' title='bbox 2760 2076 2864 2121; x_wconf 90' lang='lat' dir='ltr'><strong>aut</strong></span> <span class='ocrx_word' id='word_1_181' title='bbox 2890 2085 2990 2142; x_wconf 89' lang='lat' dir='ltr'><strong>per</strong></span> <span class='ocrx_word' id='word_1_182' title='bbox 3013 2066 3278 2124; x_wconf 64' lang='lat' dir='ltr'><strong>utranam</strong></span> <span class='ocrx_word' id='word_1_183' title='bbox 3303 2064 3558 2141; x_wconf 83' lang='lat' dir='ltr'><strong>aliquem</strong></span> 
     </span>
     <span class='ocr_line' id='line_1_18' title="bbox 834 2153 3558 2232; baseline 0.001 -23"><span class='ocrx_word' id='word_1_184' title='bbox 834 2163 1084 2228; x_wconf 91' lang='lat' dir='ltr'><strong>tempore</strong></span> <span class='ocrx_word' id='word_1_185' title='bbox 1116 2154 1350 2229; x_wconf 80' lang='lat' dir='ltr'><strong>praefixo</strong></span> <span class='ocrx_word' id='word_1_186' title='bbox 1384 2153 1637 2213; x_wconf 87' lang='lat' dir='ltr'><strong>visitatio</strong></span> <span class='ocrx_word' id='word_1_187' title='bbox 1679 2155 1798 2212; x_wconf 82' lang='lat' dir='ltr'><strong>haee</strong></span> <span class='ocrx_word' id='word_1_188' title='bbox 1828 2155 1954 2213; x_wconf 86' lang='lat' dir='ltr'><strong>fieri</strong></span> <span class='ocrx_word' id='word_1_189' title='bbox 1988 2155 2327 2230; x_wconf 83' lang='lat' dir='ltr'><strong>nequiverit,</strong></span> <span class='ocrx_word' id='word_1_190' title='bbox 2361 2175 2574 2224; x_wconf 88' lang='lat' dir='ltr'><strong>causas,</strong></span> <span class='ocrx_word' id='word_1_191' title='bbox 2610 2156 2967 2232; x_wconf 65' lang='lat' dir='ltr'><strong>rationesque</strong></span> <span class='ocrx_word' id='word_1_192' title='bbox 2996 2155 3160 2214; x_wconf 90' lang='lat' dir='ltr'><strong>nobis</strong></span> <span class='ocrx_word' id='word_1_193' title='bbox 3192 2167 3453 2232; x_wconf 86' lang='lat' dir='ltr'><strong>exponet,</strong></span> <span class='ocrx_word' id='word_1_194' title='bbox 3492 2165 3558 2213; x_wconf 91' lang='lat' dir='ltr'><strong>ut</strong></span> 
     </span>
     <span class='ocr_line' id='line_1_19' title="bbox 834 2242 3558 2325; baseline 0.003 -27"><span class='ocrx_word' id='word_1_195' title='bbox 834 2242 905 2298; x_wconf 90' lang='lat' dir='ltr'><strong>de</strong></span> <span class='ocrx_word' id='word_1_196' title='bbox 935 2242 1170 2300; x_wconf 87' lang='lat' dir='ltr'><strong>illarum</strong></span> <span class='ocrx_word' id='word_1_197' title='bbox 1196 2245 1537 2303; x_wconf 64' lang='lat' dir='ltr'><strong>sufficientia</strong></span> <span class='ocrx_word' id='word_1_198' title='bbox 1555 2246 1910 2321; x_wconf 76' lang='lat' dir='ltr'><strong>Judicemus;</strong></span> <span class='ocrx_word' id='word_1_199' title='bbox 1968 2256 2025 2305; x_wconf 90' lang='lat' dir='ltr'><strong>et</strong></span> <span class='ocrx_word' id='word_1_200' title='bbox 2063 2247 2112 2304; x_wconf 91' lang='lat' dir='ltr'><strong>si</strong></span> <span class='ocrx_word' id='word_1_201' title='bbox 2149 2243 2407 2322; x_wconf 71' lang='lat' dir='ltr'><strong>legitime</strong></span> <span class='ocrx_word' id='word_1_202' title='bbox 2443 2247 2749 2325; x_wconf 89' lang='lat' dir='ltr'><strong>impeditus</strong></span> <span class='ocrx_word' id='word_1_203' title='bbox 2775 2248 2966 2314; x_wconf 89' lang='lat' dir='ltr'><strong>fuerit,</strong></span> <span class='ocrx_word' id='word_1_204' title='bbox 2993 2267 3095 2325; x_wconf 91' lang='lat' dir='ltr'><strong>per</strong></span> <span class='ocrx_word' id='word_1_205' title='bbox 3121 2247 3302 2305; x_wconf 88' lang='lat' dir='ltr'><strong>alium</strong></span> <span class='ocrx_word' id='word_1_206' title='bbox 3327 2268 3365 2306; x_wconf 90' lang='lat' dir='ltr'><strong>a</strong></span> <span class='ocrx_word' id='word_1_207' title='bbox 3389 2248 3558 2307; x_wconf 92' lang='lat' dir='ltr'><strong>nobis</strong></span> 
     </span>
     <span class='ocr_line' id='line_1_20' title="bbox 834 2333 1875 2414; baseline 0.006 -25"><span class='ocrx_word' id='word_1_208' title='bbox 834 2333 1225 2410; x_wconf 90' lang='lat' dir='ltr'><strong>deputandum</strong></span> <span class='ocrx_word' id='word_1_209' title='bbox 1252 2336 1507 2413; x_wconf 90' lang='lat' dir='ltr'><strong>suppleri</strong></span> <span class='ocrx_word' id='word_1_210' title='bbox 1536 2348 1875 2414; x_wconf 82' lang='lat' dir='ltr'><strong>satagamus.</strong></span> 
     </span>
    </p>

    <p class='ocr_par' dir='ltr' id='par_1_5' title="bbox 833 2427 3559 3306">
     <span class='ocr_line' id='line_1_21' title="bbox 914 2427 3558 2505; baseline 0.002 -23"><span class='ocrx_word' id='word_1_211' title='bbox 914 2444 1002 2483; x_wconf 89' lang='grc' dir='ltr'><strong>ιιι.</strong></span> <span class='ocrx_word' id='word_1_212' title='bbox 1047 2427 1131 2483; x_wconf 93' lang='lat' dir='ltr'><strong>Ut</strong></span> <span class='ocrx_word' id='word_1_213' title='bbox 1158 2439 1349 2487; x_wconf 89' lang='lat' dir='ltr'><strong>autem</strong></span> <span class='ocrx_word' id='word_1_214' title='bbox 1377 2427 1704 2502; x_wconf 90' lang='lat' dir='ltr'><strong>hujusmodi</strong></span> <span class='ocrx_word' id='word_1_215' title='bbox 1732 2429 2081 2488; x_wconf 84' lang='lat' dir='ltr'><strong>visitationes</strong></span> <span class='ocrx_word' id='word_1_216' title='bbox 2119 2429 2321 2504; x_wconf 89' lang='lat' dir='ltr'><strong>majori</strong></span> <span class='ocrx_word' id='word_1_217' title='bbox 2357 2450 2488 2488; x_wconf 91' lang='lat' dir='ltr'><strong>cum</strong></span> <span class='ocrx_word' id='word_1_218' title='bbox 2516 2430 2708 2489; x_wconf 89' lang='lat' dir='ltr'><strong>fructu</strong></span> <span class='ocrx_word' id='word_1_219' title='bbox 2736 2429 2926 2490; x_wconf 62' lang='lat' dir='ltr'><strong>unani</strong></span> <span class='ocrx_word' id='word_1_220' title='bbox 2954 2429 3271 2498; x_wconf 88' lang='lat' dir='ltr'><strong>instituant,</strong></span> <span class='ocrx_word' id='word_1_221' title='bbox 3299 2429 3558 2505; x_wconf 90' lang='lat' dir='ltr'><strong>aliquam</strong></span> 
     </span>
     <span class='ocr_line' id='line_1_22' title="bbox 834 2517 3558 2601; baseline 0.003 -27"><span class='ocrx_word' id='word_1_222' title='bbox 834 2517 1214 2592; x_wconf 86' lang='lat' dir='ltr'><strong>parochialem</strong></span> <span class='ocrx_word' id='word_1_223' title='bbox 1240 2521 1537 2578; x_wconf 90' lang='lat' dir='ltr'><strong>ecclesiam</strong></span> <span class='ocrx_word' id='word_1_224' title='bbox 1564 2521 1868 2589; x_wconf 86' lang='lat' dir='ltr'><strong>visitaturi,</strong></span> <span class='ocrx_word' id='word_1_225' title='bbox 1886 2522 2040 2580; x_wconf 90' lang='lat' dir='ltr'><strong>diem</strong></span> <span class='ocrx_word' id='word_1_226' title='bbox 2070 2534 2127 2580; x_wconf 92' lang='lat' dir='ltr'><strong>et</strong></span> <span class='ocrx_word' id='word_1_227' title='bbox 2151 2524 2348 2582; x_wconf 89' lang='lat' dir='ltr'><strong>horam</strong></span> <span class='ocrx_word' id='word_1_228' title='bbox 2370 2523 2709 2582; x_wconf 87' lang='lat' dir='ltr'><strong>visitationis</strong></span> <span class='ocrx_word' id='word_1_229' title='bbox 2736 2544 2854 2583; x_wconf 76' lang='lat' dir='ltr'><strong>suae</strong></span> <span class='ocrx_word' id='word_1_230' title='bbox 2880 2522 3094 2601; x_wconf 84' lang='lat' dir='ltr'><strong>pastori</strong></span> <span class='ocrx_word' id='word_1_231' title='bbox 3121 2523 3282 2581; x_wconf 91' lang='lat' dir='ltr'><strong>illius</strong></span> <span class='ocrx_word' id='word_1_232' title='bbox 3306 2525 3558 2582; x_wconf 65' lang='lat' dir='ltr'><strong>ecclesiae¹</strong></span> 
     </span>
     <span class='ocr_line' id='line_1_23' title="bbox 833 2609 3557 2693; baseline 0.003 -28"><span class='ocrx_word' id='word_1_233' title='bbox 833 2609 1265 2685; x_wconf 66' lang='lat' dir='ltr'><strong>praesignificari</strong></span> <span class='ocrx_word' id='word_1_234' title='bbox 1294 2609 1622 2689; x_wconf 69' lang='lat' dir='ltr'><strong>tempestive</strong></span> <span class='ocrx_word' id='word_1_235' title='bbox 1650 2625 1866 2681; x_wconf 86' lang='lat' dir='ltr'><strong>curent,</strong></span> <span class='ocrx_word' id='word_1_236' title='bbox 1897 2614 2001 2690; x_wconf 86' lang='lat' dir='ltr'><strong>qui</strong></span> <span class='ocrx_word' id='word_1_237' title='bbox 2029 2635 2154 2673; x_wconf 90' lang='lat' dir='ltr'><strong>eam</strong></span> <span class='ocrx_word' id='word_1_238' title='bbox 2182 2616 2252 2673; x_wconf 90' lang='lat' dir='ltr'><strong>de</strong></span> <span class='ocrx_word' id='word_1_239' title='bbox 2282 2627 2560 2691; x_wconf 64' lang='lat' dir='ltr'><strong>suggestu</strong></span> <span class='ocrx_word' id='word_1_240' title='bbox 2601 2618 2815 2693; x_wconf 91' lang='lat' dir='ltr'><strong>populo</strong></span> <span class='ocrx_word' id='word_1_241' title='bbox 2855 2614 3232 2681; x_wconf 86' lang='lat' dir='ltr'><strong>annuntiabit,</strong></span> <span class='ocrx_word' id='word_1_242' title='bbox 3257 2617 3557 2684; x_wconf 91' lang='lat' dir='ltr'><strong>monendo,</strong></span> 
     </span>
     <span class='ocr_line' id='line_1_24' title="bbox 834 2695 3556 2786; baseline 0.004 -31"><span class='ocrx_word' id='word_1_243' title='bbox 834 2695 1164 2756; x_wconf 83' lang='lat' dir='ltr'><strong>nominatim</strong></span> <span class='ocrx_word' id='word_1_244' title='bbox 1202 2704 1569 2771; x_wconf 88' lang='lat' dir='ltr'><strong>sacellanum,</strong></span> <span class='ocrx_word' id='word_1_245' title='bbox 1601 2706 1911 2771; x_wconf 88' lang='lat' dir='ltr'><strong>custodem,</strong></span> <span class='ocrx_word' id='word_1_246' title='bbox 1943 2726 2047 2763; x_wconf 90' lang='lat' dir='ltr'><strong>nec</strong></span> <span class='ocrx_word' id='word_1_247' title='bbox 2081 2727 2196 2765; x_wconf 92' lang='lat' dir='ltr'><strong>non</strong></span> <span class='ocrx_word' id='word_1_248' title='bbox 2238 2707 2725 2767; x_wconf 86' lang='lat' dir='ltr'><strong>administratores</strong></span> <span class='ocrx_word' id='word_1_249' title='bbox 2761 2708 2990 2767; x_wconf 81' lang='lat' dir='ltr'><strong>fabricae</strong></span> <span class='ocrx_word' id='word_1_250' title='bbox 3014 2719 3072 2765; x_wconf 92' lang='lat' dir='ltr'><strong>et</strong></span> <span class='ocrx_word' id='word_1_251' title='bbox 3098 2727 3310 2765; x_wconf 84' lang='lat' dir='ltr'><strong>mensae</strong></span> <span class='ocrx_word' id='word_1_252' title='bbox 3340 2728 3556 2786; x_wconf 88' lang='lat' dir='ltr'><strong>paupe-</strong></span> 
     </span>
     <span class='ocr_line' id='line_1_25' title="bbox 841 2793 3554 2873; baseline 0.004 -27"><span class='ocrx_word' id='word_1_253' title='bbox 841 2808 985 2855; x_wconf 76' lang='lat' dir='ltr'><strong>rum,</strong></span> <span class='ocrx_word' id='word_1_254' title='bbox 1015 2810 1148 2848; x_wconf 91' lang='lat' dir='ltr'><strong>cum</strong></span> <span class='ocrx_word' id='word_1_255' title='bbox 1172 2793 1608 2867; x_wconf 87' lang='lat' dir='ltr'><strong>notabilioribus</strong></span> <span class='ocrx_word' id='word_1_256' title='bbox 1635 2797 1891 2872; x_wconf 87' lang='lat' dir='ltr'><strong>personis</strong></span> <span class='ocrx_word' id='word_1_257' title='bbox 1919 2799 2217 2873; x_wconf 84' lang='lat' dir='ltr'><strong>parochiae,</strong></span> <span class='ocrx_word' id='word_1_258' title='bbox 2247 2811 2313 2856; x_wconf 91' lang='lat' dir='ltr'><strong>ut</strong></span> <span class='ocrx_word' id='word_1_259' title='bbox 2340 2819 2533 2857; x_wconf 91' lang='lat' dir='ltr'><strong>secum</strong></span> <span class='ocrx_word' id='word_1_260' title='bbox 2571 2801 2633 2858; x_wconf 91' lang='lat' dir='ltr'><strong>in</strong></span> <span class='ocrx_word' id='word_1_261' title='bbox 2669 2799 2963 2858; x_wconf 88' lang='lat' dir='ltr'><strong>ecclesiam</strong></span> <span class='ocrx_word' id='word_1_262' title='bbox 2991 2799 3334 2857; x_wconf 85' lang='lat' dir='ltr'><strong>conveniant</strong></span> <span class='ocrx_word' id='word_1_263' title='bbox 3360 2800 3554 2857; x_wconf 87' lang='lat' dir='ltr'><strong>visita·</strong></span> 
     </span>
     <span class='ocr_line' id='line_1_26' title="bbox 837 2885 3556 2970; baseline 0.004 -32"><span class='ocrx_word' id='word_1_264' title='bbox 837 2891 1018 2939; x_wconf 91' lang='lat' dir='ltr'><strong>torem</strong></span> <span class='ocrx_word' id='word_1_265' title='bbox 1056 2885 1429 2958; x_wconf 88' lang='lat' dir='ltr'><strong>expectaturi,</strong></span> <span class='ocrx_word' id='word_1_266' title='bbox 1468 2905 1638 2959; x_wconf 90' lang='lat' dir='ltr'><strong>quem</strong></span> <span class='ocrx_word' id='word_1_267' title='bbox 1684 2906 1816 2944; x_wconf 92' lang='lat' dir='ltr'><strong>cum</strong></span> <span class='ocrx_word' id='word_1_268' title='bbox 1864 2888 2054 2946; x_wconf 69' lang='lat' dir='ltr'><strong>debita</strong></span> <span class='ocrx_word' id='word_1_269' title='bbox 2102 2891 2480 2957; x_wconf 89' lang='lat' dir='ltr'><strong>veneratione,</strong></span> <span class='ocrx_word' id='word_1_270' title='bbox 2509 2903 2566 2949; x_wconf 93' lang='lat' dir='ltr'><strong>et</strong></span> <span class='ocrx_word' id='word_1_271' title='bbox 2598 2893 2769 2968; x_wconf 86' lang='lat' dir='ltr'><strong>pulsu</strong></span> <span class='ocrx_word' id='word_1_272' title='bbox 2800 2892 3000 2949; x_wconf 89' lang='lat' dir='ltr'><strong>saltem</strong></span> <span class='ocrx_word' id='word_1_273' title='bbox 3037 2890 3211 2948; x_wconf 88' lang='lat' dir='ltr'><strong>unius</strong></span> <span class='ocrx_word' id='word_1_274' title='bbox 3249 2912 3556 2970; x_wconf 62' lang='lat' dir='ltr'><strong>campanae,</strong></span> 
     </span>
     <span class='ocr_line' id='line_1_27' title="bbox 837 2970 3557 3059; baseline 0.006 -32"><span class='ocrx_word' id='word_1_275' title='bbox 837 2970 989 3029; x_wconf 90' lang='lat' dir='ltr'><strong>intra</strong></span> <span class='ocrx_word' id='word_1_276' title='bbox 1029 2973 1331 3030; x_wconf 88' lang='lat' dir='ltr'><strong>missarum</strong></span> <span class='ocrx_word' id='word_1_277' title='bbox 1374 2977 1650 3034; x_wconf 90' lang='lat' dir='ltr'><strong>solemnia</strong></span> <span class='ocrx_word' id='word_1_278' title='bbox 1689 2977 1986 3055; x_wconf 84' lang='lat' dir='ltr'><strong>excipient.</strong></span> <span class='ocrx_word' id='word_1_279' title='bbox 2069 2979 2281 3054; x_wconf 91' lang='lat' dir='ltr'><strong>Neque</strong></span> <span class='ocrx_word' id='word_1_280' title='bbox 2319 2991 2542 3039; x_wconf 89' lang='lat' dir='ltr'><strong>tantum</strong></span> <span class='ocrx_word' id='word_1_281' title='bbox 2580 2983 2717 3040; x_wconf 90' lang='lat' dir='ltr'><strong>dum</strong></span> <span class='ocrx_word' id='word_1_282' title='bbox 2768 2983 3062 3059; x_wconf 88' lang='lat' dir='ltr'><strong>parochias</strong></span> <span class='ocrx_word' id='word_1_283' title='bbox 3098 2981 3427 3050; x_wconf 89' lang='lat' dir='ltr'><strong>visitabunt,</strong></span> <span class='ocrx_word' id='word_1_284' title='bbox 3460 2985 3557 3043; x_wconf 82' lang='lat' dir='ltr'><strong>sed</strong></span> 
     </span>
     <span class='ocr_line' id='line_1_28' title="bbox 837 3063 3558 3150; baseline 0.006 -31"><span class='ocrx_word' id='word_1_285' title='bbox 837 3063 1039 3137; x_wconf 90' lang='lat' dir='ltr'><strong>quovis</strong></span> <span class='ocrx_word' id='word_1_286' title='bbox 1071 3065 1186 3122; x_wconf 92' lang='lat' dir='ltr'><strong>alio</strong></span> <span class='ocrx_word' id='word_1_287' title='bbox 1219 3066 1345 3123; x_wconf 91' lang='lat' dir='ltr'><strong>loco</strong></span> <span class='ocrx_word' id='word_1_288' title='bbox 1381 3078 1438 3124; x_wconf 91' lang='lat' dir='ltr'><strong>et</strong></span> <span class='ocrx_word' id='word_1_289' title='bbox 1475 3078 1743 3144; x_wconf 88' lang='lat' dir='ltr'><strong>tempore,</strong></span> <span class='ocrx_word' id='word_1_290' title='bbox 1770 3080 2043 3146; x_wconf 89' lang='lat' dir='ltr'><strong>pastores,</strong></span> <span class='ocrx_word' id='word_1_291' title='bbox 2069 3071 2282 3147; x_wconf 88' lang='lat' dir='ltr'><strong>aliique</strong></span> <span class='ocrx_word' id='word_1_292' title='bbox 2313 3073 2384 3130; x_wconf 93' lang='lat' dir='ltr'><strong>de</strong></span> <span class='ocrx_word' id='word_1_293' title='bbox 2416 3074 2569 3130; x_wconf 90' lang='lat' dir='ltr'><strong>clero</strong></span> <span class='ocrx_word' id='word_1_294' title='bbox 2601 3083 2658 3131; x_wconf 91' lang='lat' dir='ltr'><strong>et</strong></span> <span class='ocrx_word' id='word_1_295' title='bbox 2687 3076 2921 3150; x_wconf 89' lang='lat' dir='ltr'><strong>populo,</strong></span> <span class='ocrx_word' id='word_1_296' title='bbox 2947 3076 3272 3134; x_wconf 51' lang='lat' dir='ltr'><strong>&amp;canotum</strong></span> <span class='ocrx_word' id='word_1_297' title='bbox 3300 3076 3558 3134; x_wconf 90' lang='lat' dir='ltr'><strong>authori-</strong></span> 
     </span>
     <span class='ocr_line' id='line_1_29' title="bbox 836 3156 3559 3240; baseline 0.006 -28"><span class='ocrx_word' id='word_1_298' title='bbox 836 3164 1027 3222; x_wconf 91' lang='lat' dir='ltr'><strong>tatem,</strong></span> <span class='ocrx_word' id='word_1_299' title='bbox 1062 3156 1422 3232; x_wconf 89' lang='lat' dir='ltr'><strong>dignitatem,</strong></span> <span class='ocrx_word' id='word_1_300' title='bbox 1455 3169 1511 3217; x_wconf 92' lang='lat' dir='ltr'><strong>et</strong></span> <span class='ocrx_word' id='word_1_301' title='bbox 1547 3161 2005 3237; x_wconf 89' lang='lat' dir='ltr'><strong>superioritatem</strong></span> <span class='ocrx_word' id='word_1_302' title='bbox 2049 3174 2383 3238; x_wconf 85' lang='lat' dir='ltr'><strong>agnoscant,</strong></span> <span class='ocrx_word' id='word_1_303' title='bbox 2416 3164 2613 3240; x_wconf 87' lang='lat' dir='ltr'><strong>eisque</strong></span> <span class='ocrx_word' id='word_1_304' title='bbox 2649 3165 2920 3224; x_wconf 89' lang='lat' dir='ltr'><strong>honorem</strong></span> <span class='ocrx_word' id='word_1_305' title='bbox 2956 3177 3012 3225; x_wconf 91' lang='lat' dir='ltr'><strong>et</strong></span> <span class='ocrx_word' id='word_1_306' title='bbox 3052 3167 3425 3226; x_wconf 87' lang='lat' dir='ltr'><strong>reverentiam</strong></span> <span class='ocrx_word' id='word_1_307' title='bbox 3459 3189 3559 3227; x_wconf 84' lang='lat' dir='ltr'><strong>ex-</strong></span> 
     </span>
     <span class='ocr_line' id='line_1_30' title="bbox 833 3248 1083 3306; baseline 0.004 -1"><span class='ocrx_word' id='word_1_308' title='bbox 833 3248 1083 3306; x_wconf 86' lang='lat' dir='ltr'><strong>hibeant.</strong></span> 
     </span>
    </p>

    <p class='ocr_par' dir='ltr' id='par_1_6' title="bbox 832 3341 3560 3883">
     <span class='ocr_line' id='line_1_31' title="bbox 918 3341 3560 3423; baseline 0.005 -26"><span class='ocrx_word' id='word_1_309' title='bbox 918 3341 990 3398; x_wconf 93' lang='lat' dir='ltr'><strong>In</strong></span> <span class='ocrx_word' id='word_1_310' title='bbox 1019 3361 1153 3399; x_wconf 90' lang='lat' dir='ltr'><strong>eum</strong></span> <span class='ocrx_word' id='word_1_311' title='bbox 1178 3341 1368 3408; x_wconf 88' lang='lat' dir='ltr'><strong>finem,</strong></span> <span class='ocrx_word' id='word_1_312' title='bbox 1396 3352 1452 3399; x_wconf 91' lang='lat' dir='ltr'><strong>et</strong></span> <span class='ocrx_word' id='word_1_313' title='bbox 1479 3353 1546 3400; x_wconf 87' lang='lat' dir='ltr'><strong>ut</strong></span> <span class='ocrx_word' id='word_1_314' title='bbox 1571 3342 1773 3417; x_wconf 90' lang='lat' dir='ltr'><strong>majori</strong></span> <span class='ocrx_word' id='word_1_315' title='bbox 1802 3344 1928 3402; x_wconf 87' lang='lat' dir='ltr'><strong>zelo</strong></span> <span class='ocrx_word' id='word_1_316' title='bbox 1955 3343 2272 3404; x_wconf 84' lang='lat' dir='ltr'><strong>functiones</strong></span> <span class='ocrx_word' id='word_1_317' title='bbox 2307 3365 2442 3403; x_wconf 87' lang='lat' dir='ltr'><strong>suas</strong></span> <span class='ocrx_word' id='word_1_318' title='bbox 2482 3346 2805 3423; x_wconf 88' lang='lat' dir='ltr'><strong>persolvant</strong></span> <span class='ocrx_word' id='word_1_319' title='bbox 2842 3343 3050 3416; x_wconf 60' lang='lat' dir='ltr'><strong>fluant,</strong></span> <span class='ocrx_word' id='word_1_320' title='bbox 3078 3350 3234 3406; x_wconf 89' lang='lat' dir='ltr'><strong>ultra</strong></span> <span class='ocrx_word' id='word_1_321' title='bbox 3260 3349 3560 3409; x_wconf 83' lang='lat' dir='ltr'><strong>facultates</strong></span> 
     </span>
     <span class='ocr_line' id='line_1_32' title="bbox 835 3433 3558 3515; baseline 0.004 -25"><span class='ocrx_word' id='word_1_322' title='bbox 835 3452 936 3510; x_wconf 91' lang='lat' dir='ltr'><strong>per</strong></span> <span class='ocrx_word' id='word_1_323' title='bbox 978 3444 1280 3509; x_wconf 88' lang='lat' dir='ltr'><strong>praesentes</strong></span> <span class='ocrx_word' id='word_1_324' title='bbox 1325 3433 1464 3511; x_wconf 88' lang='lat' dir='ltr'><strong>ipsis</strong></span> <span class='ocrx_word' id='word_1_325' title='bbox 1508 3454 1545 3491; x_wconf 99' lang='lat' dir='ltr'><strong>a</strong></span> <span class='ocrx_word' id='word_1_326' title='bbox 1586 3436 1754 3494; x_wconf 90' lang='lat' dir='ltr'><strong>nobis</strong></span> <span class='ocrx_word' id='word_1_327' title='bbox 1797 3456 2111 3503; x_wconf 88' lang='lat' dir='ltr'><strong>concessas,</strong></span> <span class='ocrx_word' id='word_1_328' title='bbox 2156 3436 2367 3495; x_wconf 89' lang='lat' dir='ltr'><strong>eisdem</strong></span> <span class='ocrx_word' id='word_1_329' title='bbox 2411 3436 2755 3495; x_wconf 88' lang='lat' dir='ltr'><strong>innovamus</strong></span> <span class='ocrx_word' id='word_1_330' title='bbox 2798 3450 3087 3515; x_wconf 65' lang='lat' dir='ltr'><strong>praeterea,</strong></span> <span class='ocrx_word' id='word_1_331' title='bbox 3121 3452 3177 3498; x_wconf 92' lang='lat' dir='ltr'><strong>et</strong></span> <span class='ocrx_word' id='word_1_332' title='bbox 3215 3441 3322 3499; x_wconf 90' lang='lat' dir='ltr'><strong>sub</strong></span> <span class='ocrx_word' id='word_1_333' title='bbox 3357 3442 3558 3500; x_wconf 90' lang='lat' dir='ltr'><strong>eodem</strong></span> 
     </span>
     <span class='ocr_line' id='line_1_33' title="bbox 833 3525 3559 3604; baseline 0.004 -22"><span class='ocrx_word' id='word_1_334' title='bbox 833 3534 1047 3592; x_wconf 88' lang='lat' dir='ltr'><strong>tenore,</strong></span> <span class='ocrx_word' id='word_1_335' title='bbox 1075 3525 1216 3582; x_wconf 90' lang='lat' dir='ltr'><strong>alias</strong></span> <span class='ocrx_word' id='word_1_336' title='bbox 1244 3545 1439 3586; x_wconf 90' lang='lat' dir='ltr'><strong>omnes</strong></span> <span class='ocrx_word' id='word_1_337' title='bbox 1467 3538 1523 3585; x_wconf 92' lang='lat' dir='ltr'><strong>et</strong></span> <span class='ocrx_word' id='word_1_338' title='bbox 1553 3526 1813 3604; x_wconf 86' lang='lat' dir='ltr'><strong>singulas</strong></span> <span class='ocrx_word' id='word_1_339' title='bbox 1841 3527 1903 3586; x_wconf 90' lang='lat' dir='ltr'><strong>in</strong></span> <span class='ocrx_word' id='word_1_340' title='bbox 1934 3526 2142 3603; x_wconf 86' lang='lat' dir='ltr'><strong>saepius</strong></span> <span class='ocrx_word' id='word_1_341' title='bbox 2173 3527 2402 3586; x_wconf 90' lang='lat' dir='ltr'><strong>laudato</strong></span> <span class='ocrx_word' id='word_1_342' title='bbox 2435 3528 2625 3585; x_wconf 89' lang='lat' dir='ltr'><strong>ultimi</strong></span> <span class='ocrx_word' id='word_1_343' title='bbox 2664 3529 3087 3604; x_wconf 75' lang='lat' dir='ltr'><strong>praedecessoris</strong></span> <span class='ocrx_word' id='word_1_344' title='bbox 3122 3532 3301 3590; x_wconf 87' lang='lat' dir='ltr'><strong>nostri</strong></span> <span class='ocrx_word' id='word_1_345' title='bbox 3326 3532 3559 3592; x_wconf 91' lang='lat' dir='ltr'><strong>decreto</strong></span> 
     </span>
     <span class='ocr_line' id='line_1_34' title="bbox 834 3617 3559 3701; baseline 0.004 -28"><span class='ocrx_word' id='word_1_346' title='bbox 834 3617 1267 3692; x_wconf 87' lang='lat' dir='ltr'><strong>comprehensas</strong></span> <span class='ocrx_word' id='word_1_347' title='bbox 1306 3618 1648 3676; x_wconf 84' lang='lat' dir='ltr'><strong>nominatim</strong></span> <span class='ocrx_word' id='word_1_348' title='bbox 1680 3620 1807 3675; x_wconf 79' lang='lat' dir='ltr'><strong>Art.</strong></span> <span class='ocrx_word' id='word_1_349' title='bbox 1831 3638 1895 3676; x_wconf 88' lang='grc' dir='ltr'><strong>ιι.</strong></span> <span class='ocrx_word' id='word_1_350' title='bbox 1936 3619 2320 3696; x_wconf 86' lang='lat' dir='ltr'><strong>prohibentes,</strong></span> <span class='ocrx_word' id='word_1_351' title='bbox 2352 3639 2424 3676; x_wconf 91' lang='lat' dir='ltr'><strong>ne</strong></span> <span class='ocrx_word' id='word_1_352' title='bbox 2464 3618 2595 3694; x_wconf 91' lang='lat' dir='ltr'><strong>quis</strong></span> <span class='ocrx_word' id='word_1_353' title='bbox 2637 3619 3008 3697; x_wconf 90' lang='lat' dir='ltr'><strong>imposterum</strong></span> <span class='ocrx_word' id='word_1_354' title='bbox 3049 3633 3250 3700; x_wconf 85' lang='lat' dir='ltr'><strong>praeter</strong></span> <span class='ocrx_word' id='word_1_355' title='bbox 3295 3623 3559 3701; x_wconf 83' lang='lat' dir='ltr'><strong>praefatos</strong></span> 
     </span>
     <span class='ocr_line' id='line_1_35' title="bbox 832 3710 3554 3787; baseline 0.004 -22"><span class='ocrx_word' id='word_1_356' title='bbox 832 3710 1087 3772; x_wconf 63' lang='lat' dir='ltr'><strong>bttauos,</strong></span> <span class='ocrx_word' id='word_1_357' title='bbox 1126 3720 1473 3774; x_wconf 88' lang='lat' dir='ltr'><strong>ornamenta,</strong></span> <span class='ocrx_word' id='word_1_358' title='bbox 1511 3720 1613 3765; x_wconf 88' lang='lat' dir='ltr'><strong>aut</strong></span> <span class='ocrx_word' id='word_1_359' title='bbox 1655 3729 1873 3767; x_wconf 90' lang='lat' dir='ltr'><strong>sacram</strong></span> <span class='ocrx_word' id='word_1_360' title='bbox 1918 3712 2334 3787; x_wconf 87' lang='lat' dir='ltr'><strong>supellectilem</strong></span> <span class='ocrx_word' id='word_1_361' title='bbox 2379 3730 2798 3786; x_wconf 89' lang='lat' dir='ltr'><strong>quamcumque</strong></span> <span class='ocrx_word' id='word_1_362' title='bbox 2835 3711 3151 3782; x_wconf 89' lang='lat' dir='ltr'><strong>benedicat,</strong></span> <span class='ocrx_word' id='word_1_363' title='bbox 3180 3715 3292 3773; x_wconf 88' lang='lat' dir='ltr'><strong>nisi</strong></span> <span class='ocrx_word' id='word_1_364' title='bbox 3334 3717 3407 3773; x_wconf 90' lang='lat' dir='ltr'><strong>ad</strong></span> <span class='ocrx_word' id='word_1_365' title='bbox 3447 3718 3554 3776; x_wconf 91' lang='lat' dir='ltr'><strong>hoc</strong></span> 
     </span>
     <span class='ocr_line' id='line_1_36' title="bbox 834 3798 3557 3883; baseline 0.003 -26"><span class='ocrx_word' id='word_1_366' title='bbox 834 3801 1137 3876; x_wconf 88' lang='lat' dir='ltr'><strong>specialem</strong></span> <span class='ocrx_word' id='word_1_367' title='bbox 1180 3801 1511 3858; x_wconf 87' lang='lat' dir='ltr'><strong>facultatem</strong></span> <span class='ocrx_word' id='word_1_368' title='bbox 1539 3820 1575 3856; x_wconf 92' lang='lat' dir='ltr'><strong>a</strong></span> <span class='ocrx_word' id='word_1_369' title='bbox 1602 3798 1768 3856; x_wconf 90' lang='lat' dir='ltr'><strong>nobis</strong></span> <span class='ocrx_word' id='word_1_370' title='bbox 1800 3802 1863 3856; x_wconf 79' lang='lat' dir='ltr'><strong>in</strong></span> <span class='ocrx_word' id='word_1_371' title='bbox 1896 3803 2120 3875; x_wconf 76' lang='lat' dir='ltr'><strong>scriptis</strong></span> <span class='ocrx_word' id='word_1_372' title='bbox 2158 3802 2485 3868; x_wconf 88' lang='lat' dir='ltr'><strong>obtinuerit,</strong></span> <span class='ocrx_word' id='word_1_373' title='bbox 2517 3802 2742 3859; x_wconf 87' lang='lat' dir='ltr'><strong>tametsi</strong></span> <span class='ocrx_word' id='word_1_374' title='bbox 2777 3803 3106 3877; x_wconf 89' lang='lat' dir='ltr'><strong>hujusmodi</strong></span> <span class='ocrx_word' id='word_1_375' title='bbox 3141 3806 3379 3864; x_wconf 80' lang='lat' dir='ltr'><strong>facultas</strong></span> <span class='ocrx_word' id='word_1_376' title='bbox 3415 3806 3557 3883; x_wconf 90' lang='lat' dir='ltr'><strong>ipsis</strong></span> 
     </span>
    </p>
   </div>
   <div class='ocr_carea' id='block_1_3' title="bbox 830 3888 3557 4431">
    <p class='ocr_par' dir='ltr' id='par_1_7' title="bbox 833 3888 3557 4059">
     <span class='ocr_line' id='line_1_37' title="bbox 835 3888 3557 3977; baseline 0.003 -28"><span class='ocrx_word' id='word_1_377' title='bbox 835 3888 980 3949; x_wconf 68' lang='lat' dir='ltr'><strong>alias</strong></span> <span class='ocrx_word' id='word_1_378' title='bbox 1026 3890 1562 3968; x_wconf 89' lang='lat' dir='ltr'><strong>quomodocumque</strong></span> <span class='ocrx_word' id='word_1_379' title='bbox 1611 3890 1812 3949; x_wconf 86' lang='lat' dir='ltr'><strong>fuisset</strong></span> <span class='ocrx_word' id='word_1_380' title='bbox 1859 3912 2156 3961; x_wconf 78' lang='lat' dir='ltr'><strong>concessa3</strong></span> <span class='ocrx_word' id='word_1_381' title='bbox 2223 3914 2401 3970; x_wconf 90' lang='lat' dir='ltr'><strong>quam</strong></span> <span class='ocrx_word' id='word_1_382' title='bbox 2444 3914 2513 3952; x_wconf 86' lang='lat' dir='ltr'><strong>ex</strong></span> <span class='ocrx_word' id='word_1_383' title='bbox 2561 3909 2717 3952; x_wconf 88' lang='lat' dir='ltr'><strong>nunc</strong></span> <span class='ocrx_word' id='word_1_384' title='bbox 2772 3914 3009 3963; x_wconf 81' lang='lat' dir='ltr'><strong>cessare,</strong></span> <span class='ocrx_word' id='word_1_385' title='bbox 3052 3908 3111 3954; x_wconf 87' lang='lat' dir='ltr'><strong>et</strong></span> <span class='ocrx_word' id='word_1_386' title='bbox 3158 3899 3409 3957; x_wconf 87' lang='lat' dir='ltr'><strong>revocari</strong></span> <span class='ocrx_word' id='word_1_387' title='bbox 3456 3918 3557 3977; x_wconf 90' lang='lat' dir='ltr'><strong>per</strong></span> 
     </span>
     <span class='ocr_line' id='line_1_38' title="bbox 833 3982 1529 4059; baseline -0.007 -17"><span class='ocrx_word' id='word_1_388' title='bbox 833 3994 1130 4059; x_wconf 76' lang='lat' dir='ltr'><strong>praesentes</strong></span> <span class='ocrx_word' id='word_1_389' title='bbox 1158 3982 1529 4039; x_wconf 89' lang='lat' dir='ltr'><strong>declaramus.</strong></span> 
     </span>
    </p>

    <p class='ocr_par' dir='ltr' id='par_1_8' title="bbox 830 4070 3556 4431">
     <span class='ocr_line' id='line_1_39' title="bbox 914 4070 3555 4158; baseline 0.002 -25"><span class='ocrx_word' id='word_1_390' title='bbox 914 4094 990 4133; x_wconf 77' lang='lat' dir='ltr'><strong>w.</strong></span> <span class='ocrx_word' id='word_1_391' title='bbox 1034 4070 1254 4133; x_wconf 56' lang='lat' dir='ltr'><strong>”nani</strong></span> <span class='ocrx_word' id='word_1_392' title='bbox 1294 4075 1354 4131; x_wconf 90' lang='lat' dir='ltr'><strong>in</strong></span> <span class='ocrx_word' id='word_1_393' title='bbox 1397 4076 1503 4130; x_wconf 67' lang='lat' dir='ltr'><strong>sust</strong></span> <span class='ocrx_word' id='word_1_394' title='bbox 1540 4071 1865 4133; x_wconf 88' lang='lat' dir='ltr'><strong>visitatione</strong></span> <span class='ocrx_word' id='word_1_395' title='bbox 1907 4096 2026 4153; x_wconf 84' lang='lat' dir='ltr'><strong>prae</strong></span> <span class='ocrx_word' id='word_1_396' title='bbox 2064 4077 2298 4145; x_wconf 70' lang='lat' dir='ltr'><strong>caeteris,</strong></span> <span class='ocrx_word' id='word_1_397' title='bbox 2330 4078 2427 4136; x_wconf 87' lang='lat' dir='ltr'><strong>sed</strong></span> <span class='ocrx_word' id='word_1_398' title='bbox 2465 4076 2697 4155; x_wconf 72' lang='lat' dir='ltr'><strong>provide</strong></span> <span class='ocrx_word' id='word_1_399' title='bbox 2726 4090 2784 4136; x_wconf 90' lang='lat' dir='ltr'><strong>et</strong></span> <span class='ocrx_word' id='word_1_400' title='bbox 2810 4078 3233 4158; x_wconf 70' lang='lat' dir='ltr'><strong>circumspecte,</strong></span> <span class='ocrx_word' id='word_1_401' title='bbox 3262 4081 3555 4157; x_wconf 82' lang='lat' dir='ltr'><strong>inquirant</strong></span> 
     </span>
     <span class='ocr_line' id='line_1_40' title="bbox 831 4165 3556 4246; baseline 0.003 -24"><span class='ocrx_word' id='word_1_402' title='bbox 831 4166 902 4224; x_wconf 92' lang='lat' dir='ltr'><strong>de</strong></span> <span class='ocrx_word' id='word_1_403' title='bbox 922 4166 1264 4241; x_wconf 43' lang='lat' dir='ltr'><strong>pastoribus</strong></span> <span class='ocrx_word' id='word_1_404' title='bbox 1294 4165 1341 4221; x_wconf 87' lang='lat' dir='ltr'><strong>si</strong></span> <span class='ocrx_word' id='word_1_405' title='bbox 1370 4165 1485 4222; x_wconf 90' lang='lat' dir='ltr'><strong>sint</strong></span> <span class='ocrx_word' id='word_1_406' title='bbox 1512 4165 1676 4223; x_wconf 86' lang='lat' dir='ltr'><strong>bonae</strong></span> <span class='ocrx_word' id='word_1_407' title='bbox 1704 4169 2170 4238; x_wconf 85' lang='lat' dir='ltr'><strong>conversationis,</strong></span> <span class='ocrx_word' id='word_1_408' title='bbox 2196 4169 2251 4228; x_wconf 92' lang='lat' dir='ltr'><strong>ei</strong></span> <span class='ocrx_word' id='word_1_409' title='bbox 2278 4171 2618 4246; x_wconf 85' lang='lat' dir='ltr'><strong>exemplaris</strong></span> <span class='ocrx_word' id='word_1_410' title='bbox 2646 4171 2808 4238; x_wconf 83' lang='lat' dir='ltr'><strong>vitae;</strong></span> <span class='ocrx_word' id='word_1_411' title='bbox 2862 4170 2911 4228; x_wconf 90' lang='lat' dir='ltr'><strong>si</strong></span> <span class='ocrx_word' id='word_1_412' title='bbox 2941 4170 3135 4229; x_wconf 89' lang='lat' dir='ltr'><strong>debita</strong></span> <span class='ocrx_word' id='word_1_413' title='bbox 3175 4174 3324 4231; x_wconf 90' lang='lat' dir='ltr'><strong>inter</strong></span> <span class='ocrx_word' id='word_1_414' title='bbox 3361 4193 3459 4233; x_wconf 87' lang='lat' dir='ltr'><strong>eos</strong></span> <span class='ocrx_word' id='word_1_415' title='bbox 3499 4185 3556 4230; x_wconf 92' lang='lat' dir='ltr'><strong>et</strong></span> 
     </span>
     <span class='ocr_line' id='line_1_41' title="bbox 832 4257 3554 4339; baseline 0.004 -27"><span class='ocrx_word' id='word_1_416' title='bbox 832 4259 1202 4333; x_wconf 86' lang='lat' dir='ltr'><strong>parochianos</strong></span> <span class='ocrx_word' id='word_1_417' title='bbox 1244 4257 1319 4315; x_wconf 91' lang='lat' dir='ltr'><strong>sit</strong></span> <span class='ocrx_word' id='word_1_418' title='bbox 1359 4258 1693 4327; x_wconf 82' lang='lat' dir='ltr'><strong>concordia3</strong></span> <span class='ocrx_word' id='word_1_419' title='bbox 1761 4260 1811 4318; x_wconf 89' lang='lat' dir='ltr'><strong>si</strong></span> <span class='ocrx_word' id='word_1_420' title='bbox 1859 4261 2043 4319; x_wconf 89' lang='lat' dir='ltr'><strong>officio</strong></span> <span class='ocrx_word' id='word_1_421' title='bbox 2084 4282 2208 4329; x_wconf 89' lang='lat' dir='ltr'><strong>suo,</strong></span> <span class='ocrx_word' id='word_1_422' title='bbox 2253 4276 2310 4320; x_wconf 94' lang='lat' dir='ltr'><strong>et</strong></span> <span class='ocrx_word' id='word_1_423' title='bbox 2350 4262 2460 4339; x_wconf 90' lang='lat' dir='ltr'><strong>piis</strong></span> <span class='ocrx_word' id='word_1_424' title='bbox 2500 4262 2931 4320; x_wconf 86' lang='lat' dir='ltr'><strong>fundationibus</strong></span> <span class='ocrx_word' id='word_1_425' title='bbox 2972 4263 3356 4332; x_wconf 88' lang='lat' dir='ltr'><strong>satisfaciant;</strong></span> <span class='ocrx_word' id='word_1_426' title='bbox 3403 4265 3450 4322; x_wconf 89' lang='lat' dir='ltr'><strong>si</strong></span> <span class='ocrx_word' id='word_1_427' title='bbox 3491 4265 3554 4322; x_wconf 91' lang='lat' dir='ltr'><strong>in</strong></span> 
     </span>
     <span class='ocr_line' id='line_1_42' title="bbox 830 4348 3555 4431; baseline 0.003 -25"><span class='ocrx_word' id='word_1_428' title='bbox 830 4348 1291 4407; x_wconf 87' lang='lat' dir='ltr'><strong>administrandis</strong></span> <span class='ocrx_word' id='word_1_429' title='bbox 1319 4350 1686 4410; x_wconf 87' lang='lat' dir='ltr'><strong>sacramentis</strong></span> <span class='ocrx_word' id='word_1_430' title='bbox 1714 4364 1771 4409; x_wconf 89' lang='lat' dir='ltr'><strong>et</strong></span> <span class='ocrx_word' id='word_1_431' title='bbox 1798 4352 2096 4411; x_wconf 89' lang='lat' dir='ltr'><strong>visitandis</strong></span> <span class='ocrx_word' id='word_1_432' title='bbox 2123 4354 2383 4421; x_wconf 82' lang='lat' dir='ltr'><strong>infirmis,</strong></span> <span class='ocrx_word' id='word_1_433' title='bbox 2400 4375 2625 4413; x_wconf 90' lang='lat' dir='ltr'><strong>omnem</strong></span> <span class='ocrx_word' id='word_1_434' title='bbox 2641 4355 3001 4431; x_wconf 87' lang='lat' dir='ltr'><strong>diligentiam</strong></span> <span class='ocrx_word' id='word_1_435' title='bbox 3028 4367 3083 4414; x_wconf 91' lang='lat' dir='ltr'><strong>et</strong></span> <span class='ocrx_word' id='word_1_436' title='bbox 3111 4355 3555 4416; x_wconf 85' lang='lat' dir='ltr'><strong>sollicitudinem</strong></span> 
     </span>
    </p>
   </div>
   <div class='ocr_carea' id='block_1_4' title="bbox 738 421 3657 4522">
    <p class='ocr_par' dir='ltr' id='par_1_9' title="bbox 738 421 3657 4522">
     <span class='ocr_line' id='line_1_43' title="bbox 738 421 3657 4522; baseline 0 0"><span class='ocrx_word' id='word_1_437' title='bbox 738 421 3657 4522; x_wconf 95' lang='lat' dir='ltr'><strong> </strong></span> 
     </span>
    </p>
   </div>
  </div>
 </body>
</html>
