3882 5037
351 482 516 538 Sacr.
538 475 684 547 ΙΙΙ.]
1412 464 1651 530 Binum
1679 466 1738 526 of
1762 464 2013 537 ffleatb.

2933 467 3074 541 521

358 673 802 747 naclsacheling,
845 670 984 728 olim
1032 668 1261 726 sedibus
1311 666 1735 743 episcopalibus
1774 665 1837 723 in
1880 664 2082 731 Midia,
2121 685 2274 722 nunc
2315 657 2450 723 verb
2487 661 2769 736 capitibus
2808 662 3082 724 ruralium

360 772 738 831 sumtuum,
759 753 1214 835 attbfipttsbpttri
1243 759 1312 816 de
1337 757 1535 814 futuro
1561 755 1914 821 instituendi,
1937 774 2050 811 non
2080 750 2264 813 solum
2291 764 2619 831 perpetuam
2645 762 2701 811 et
2728 757 3083 829 personalem

363 858 727 918 residentiam
773 853 983 912 faciant
1022 851 1082 908 in
1130 850 1331 908 iisdem
1379 847 1647 915 ecclesiis,
1688 843 1891 906 veriun
1938 847 2112 905 etiam
2159 848 2298 905 cleri
2338 859 2393 907 et
2433 853 2635 925 populi
2683 852 2832 910 infra
2871 847 3085 906 limites

361 969 562 1010 eorum
587 950 948 1007 uetanatuum
975 940 1397 1002 solicitudinem
1427 948 1645 1017 gerant.

447 1059 509 1097 11.
551 1039 638 1094 Ut
677 1037 879 1094 nullus
925 1036 988 1093 in
1038 1029 1571 1108 archipresbyterum
1621 1030 1937 1096 ordinetur,
1979 1030 2091 1087 nisi
2139 1033 2241 1105 qui
2294 1037 2585 1113 presbyter
2632 1036 2724 1102 sit,
2765 1023 2873 1092 sub
2920 1034 3089 1108 poenfi

364 1129 668 1187 amotionis
694 1123 734 1185 ὲ.
759 1146 865 1184 suo
896 1126 1095 1184 officio.

449 1240 534 1279 111.
587 1220 755 1281 Item,
794 1213 948 1292 quod
992 1225 1227 1274 vacante
1285 1234 1387 1291 per
1439 1225 1695 1280 mortem,
1738 1224 1842 1270 aut
1887 1212 2004 1270 alio
2050 1215 2254 1287 quovis
2302 1218 2472 1276 modo
2523 1213 3089 1293 artbtproessbptetatssss

366 1311 565 1377 officio,
594 1309 899 1384 eligendus
935 1317 1018 1365 est
1058 1327 1159 1384 per
1196 1326 1319 1373 nOS,
1347 1317 1450 1364 aut
1490 1323 1836 1363 successores
1877 1316 2099 1362 nostros
2135 1326 2437 1376 successor,
2466 1305 2610 1384 quia
2637 1308 3091 1385 jurisdictionem

369 1421 533 1459 suam
560 1395 600 1457 ὲ.
626 1401 788 1458 nobis
813 1400 1019 1458 haurit.

449 1512 522 1549 ιν.
567 1493 734 1559 Item,
763 1502 828 1549 ut
871 1486 1328 1565 attbiprtszteti
1369 1483 1690 1563 quotanniS,
1731 1498 1787 1544 et
1823 1481 2045 1563 saepiiis,
2074 1487 2121 1545 si
2147 1508 2294 1566 opus
2334 1491 2523 1558 fuerit,
2554 1488 2924 1567 personaliter
2959 1486 3091 1547 visi-

370 1593 490 1642 tent
530 1593 743 1640 statum
784 1593 840 1639 et
881 1582 1269 1639 conditionem
1315 1580 1576 1637 omnium
1623 1579 1993 1637 ecclesiarum
2033 1579 2185 1639 infra
2225 1601 2359 1640 suos
2408 1586 2738 1650 tasnatum
2793 1591 2850 1639 et
2891 1580 2940 1638 si
2978 1582 3093 1654 qua

368 1674 607 1733 ecclesia
645 1672 999 1749 reparatione
1038 1672 1309 1748 indigeat,
1339 1673 1632 1730 hortentur
1667 1690 1902 1747 gregem
1934 1671 2286 1730 dominicum
2319 1673 2393 1730 ad
2426 1693 2624 1732 earum
2663 1672 3092 1750 reparationem,

369 1777 605 1841 actaque
631 1763 974 1823 visitationis
1011 1763 1083 1819 ad
1118 1783 1223 1821 nos
1258 1764 1321 1820 in
1357 1763 1618 1838 proxima
1653 1762 1870 1839 synodo
1906 1763 2212 1821 transmitti
2248 1775 2463 1822 curent.
2546 1765 2792 1824 Videant
2818 1763 2992 1824 etiam
3020 1784 3096 1821 an

372 1858 577 1915 domus
618 1867 913 1932 pastorum
954 1867 1011 1914 et
1050 1857 1476 1932 capellanorum
1517 1855 1636 1911 sint
1674 1865 1840 1912 sartoe
1880 1863 2078 1923 tectoe3
2128 1858 2477 1932 corruptelas
2517 1877 2744 1915 morum
2778 1858 2840 1915 in
2879 1857 3096 1934 populo

372 1951 674 2009 reformare
714 1949 994 2015 studeant,
1032 1959 1089 2005 et
1128 1948 1176 2005 si
1216 1967 1357 2023 quas
1398 1948 1723 2022 abstergere
1763 1957 2066 2021 nequeant,
2103 1949 2178 2005 ad
2216 1948 2500 2023 synodum
2539 1951 2915 2008 dioecesanam
2957 1949 3093 2006 refe-

372 2052 515 2109 rant,
542 2051 609 2098 ut
636 2041 707 2099 de
734 2040 806 2098 iis
834 2038 1198 2098 emendandis
1226 2058 1360 2095 cum
1388 2038 1628 2095 consilio
1654 2038 1795 2096 cleri
1822 2037 2123 2095 deliberari
2153 2039 2345 2114 possit.

452 2154 507 2192 v.
550 2135 717 2200 Item,
745 2143 812 2190 ut
847 2143 1149 2209 procurent
1178 2131 1345 2189 fidele
1378 2130 1777 2205 transcriptum
1812 2130 1885 2187 ad
1924 2150 2029 2188 nos
2065 2129 2128 2186 in
2165 2131 2381 2207 synodo
2418 2131 2725 2189 transmitti
2754 2131 2823 2189 de
2853 2140 3008 2187 statu
3036 2139 3094 2186 et

371 2223 696 2283 conditione
727 2224 1026 2289 librorum,
1055 2243 1339 2288 vasorum,
1368 2222 1850 2289 vestimentorum,
1878 2232 1936 2279 et
1967 2223 2213 2279 aliorum
2249 2234 2708 2281 ornamentorum
2735 2233 2791 2281 et
2819 2223 3090 2298 supellec-

370 2316 564 2374 tilium
584 2316 648 2373 in
665 2315 916 2373 ecclesiis
942 2314 1088 2371 infra
1113 2334 1249 2372 suos
1268 2317 1583 2381 hetanattm,
1604 2324 1670 2370 ut
1694 2315 1764 2371 de
1786 2313 1857 2371 iis
1885 2314 2219 2380 reficiendis,
2241 2315 2463 2389 quoties
2489 2315 2733 2390 expedit,
2756 2325 3086 2372 statuamus.

453 2425 532 2465 VI.
573 2408 790 2464 Curent
818 2406 1055 2482 insuper
1090 2405 1452 2481 poenitcntias
1489 2403 1789 2462 canonicas
1816 2399 1855 2461 ὲ,
1882 2404 2047 2462 nobis
2075 2406 2166 2463 vel
2197 2405 2535 2463 officialibus
2567 2406 2774 2463 nostris
2801 2405 3092 2480 impositas

373 2497 838 2573 delinquentibus
878 2492 1081 2565 debite,
1111 2508 1168 2556 et
1204 2500 1289 2564 ea,
1319 2500 1434 2571 qua
1469 2498 1630 2555 decet
1671 2496 2023 2562 solennitate,
2050 2496 2267 2573 peragi,
2295 2508 2351 2555 et
2382 2496 2715 2573 pei-impleri
2748 2496 2811 2554 in
2844 2493 3094 2555 ecclesiis

373 2590 525 2648 infra
550 2609 682 2648 suos
707 2590 939 2656 limites,
960 2590 1174 2664 quibus
1200 2588 1313 2665 ipsi
1341 2608 1474 2645 cum
1500 2587 1839 2664 presbyteris
1863 2588 2282 2664 parochialibus
2307 2589 2587 2655 intersint,
2608 2582 2880 2662 tanquam
2909 2598 3096 2653 testes,

376 2691 444 2739 ut
471 2686 589 2756 qua
617 2681 941 2739 humilitate
967 2693 1022 2739 et
1050 2681 1350 2740 devotione
1381 2679 1731 2757 poenitentiae
1762 2679 2057 2738 laboribus
2086 2680 2338 2738 defuncti
2366 2692 2515 2747 sunt,
2539 2682 2836 2738 testificare
2860 2681 3094 2756 possint.

455 2792 559 2831 vu.
606 2774 771 2840 Item,
802 2784 869 2831 ut
901 2771 1317 2830 inadmissione
1349 2772 1423 2829 ad
1458 2771 1725 2838 officium,
1746 2771 2136 2844 juramentum
2168 2782 2439 2848 praestent
2472 2772 2543 2829 de
2575 2771 2733 2829 fideli
2767 2770 3098 2828 executione

377 2862 469 2919 sui
506 2863 690 2920 officii.
776 2865 921 2922 Item
956 2864 1027 2922 de
1063 2863 1400 2938 inquirendo
1435 2873 1492 2920 et
1525 2863 1917 2938 praesentando
1955 2862 2120 2920 nobis
2155 2876 2212 2922 et
2247 2863 2586 2922 officialibus
2620 2862 2829 2920 nostris
2865 2861 3099 2919 nomina

376 2962 433 3008 et
474 2953 819 3028 cognomina
858 2954 1117 3012 omnium
1156 2964 1210 3011 et
1250 2953 1613 3029 singulorum
1653 2952 1800 3010 infra
1841 2971 1974 3010 suos
2015 2955 2330 3022 bennatus,
2366 2956 2469 3030 qui
2511 2952 2741 3030 publice
2783 2965 2838 3013 et
2879 2948 3098 3011 notorie

378 3042 645 3100 defamati
671 3054 772 3100 aut
795 3039 1150 3101 vehementer
1168 3044 1415 3120 suspecti
1443 3054 1576 3100 sunt
1596 3045 1667 3101 de
1688 3044 1889 3118 aliquo
1917 3044 2153 3102 crimine
2174 3058 2272 3103 aut
2296 3046 2554 3114 infamia,
2575 3067 2675 3123 per
2702 3046 3098 3104 auctoritatem

378 3144 628 3191 nostram
657 3135 930 3211 puniend.
957 3145 1013 3194 et
1038 3134 1352 3212 corrigend.

462 3242 589 3282 vm.
634 3227 800 3293 Item,
842 3236 909 3283 ut
950 3224 1191 3303 capitula
1233 3222 1444 3285 ruralia
1491 3221 1798 3300 diligent&
1837 3227 2135 3284 convocari
2174 3227 2388 3285 faciant
2427 3248 2532 3304 per
2573 3247 2649 3293 se,
2681 3235 2784 3283 aut
2825 3245 2924 3301 per
2965 3242 3098 3281 suos

379 3316 639 3383 nuncios,
668 3316 728 3374 in
757 3317 1058 3394 praecipuis
1086 3318 1226 3377 locis
1265 3321 1644 3382 betanatuum,
1672 3317 1743 3374 de
1777 3316 1959 3373 tribus
2000 3317 2331 3392 septimanis
2366 3318 2425 3374 in
2466 3328 2576 3375 trae
2615 3316 2874 3383 tenenda,
2904 3326 2961 3373 et
2995 3314 3101 3372 ali-

382 3403 615 3481 quando
652 3404 1091 3467 extraordinarie
1128 3410 1200 3466 ad
1232 3409 1584 3467 voluntatem
1619 3419 1885 3473 nostram,
1914 3408 1964 3466 si
2000 3409 2164 3466 nobis
2205 3409 2394 3467 visum
2430 3409 2601 3468 fuerit
2630 3408 2849 3482 aliquid
2886 3408 2946 3465 in
2979 3406 3102 3463 istis

382 3499 756 3555 conventibus
785 3518 917 3556 cum
943 3502 1095 3558 clero
1122 3500 1556 3558 communicare.

465 3607 543 3645 lx.
593 3589 667 3645 In
693 3590 846 3647 hisce
874 3588 1134 3666 capitulis
1175 3592 1284 3668 ipsi
1321 3592 1554 3668 praesint
1595 3602 1649 3649 et
1690 3591 2056 3649 moderentur
2102 3602 2373 3650 tractatus
2414 3592 2552 3649 cleri
2593 3592 2664 3649 de
2706 3589 3104 3649 communibus

381 3677 630 3753 negotiis
661 3682 1056 3751 httanatuum;
1096 3683 1160 3739 in
1192 3682 1393 3740 iisdem
1426 3682 1601 3740 etiam
1638 3681 1845 3739 faciant
1877 3681 2278 3757 inquisitiones
2316 3683 2438 3740 fieri
2473 3683 2543 3741 de
2577 3682 2869 3740 beneficiis
2906 3702 3104 3740 vacan-

383 3770 558 3836 tibus,
587 3780 644 3827 et
683 3772 752 3828 de
789 3771 1022 3829 intrusis
1055 3772 1114 3830 vi
1148 3773 1296 3830 laica
1332 3773 1394 3830 in
1429 3772 1722 3830 beneficia.
1804 3773 2024 3831 Cur-ent
2061 3770 2294 3849 insuper
2333 3774 2732 3850 transcriptum
2767 3774 2890 3831 fieri
2927 3784 3105 3830 statu-

386 3872 577 3918 torum
629 3862 1075 3937 provincialium
1114 3875 1173 3922 et
1212 3862 1675 3928 dioecesanorum,
1723 3884 1902 3938 eaque
1941 3864 2005 3922 in
2044 3864 2292 3939 singulis
2342 3862 2603 3939 capitulis
2644 3877 2769 3943 post
2823 3865 3108 3941 proximas

386 3952 630 4028 synodos
671 3953 893 4011 recitari
925 3954 1139 4012 faciant
1174 3965 1232 4011 et
1269 3956 1477 4032 exponi
1514 3957 1666 4013 clero
1706 3953 1854 4013 infra
1891 3976 2023 4015 suos
2059 3956 2287 4025 limite8‚
2316 3978 2389 4015 ne
2428 3958 2559 4031 quis
2597 3968 2782 4033 peccet
2816 3957 2878 4015 in
2912 3956 3107 4014 eadem

387 4062 490 4119 per
515 4043 764 4117 aliquem
792 4056 1126 4120 praetextum
1156 4046 1529 4121 ignorantiae3
1569 4047 1908 4106 admoneant
1933 4048 2102 4105 etiam
2129 4060 2417 4107 curatores
2444 4049 2783 4115 animarum,
2805 4058 2869 4104 ut
2895 4046 3108 4123 populo

389 4133 540 4192 infra
580 4154 711 4192 suas
751 4138 1049 4211 parochias
1090 4136 1372 4214 publicari
1407 4137 1634 4204 saciant,
1662 4148 1718 4194 et
1755 4139 1963 4214 exponi
1999 4160 2091 4198 eas
2132 4141 2581 4208 constitutiones,
2608 4160 2738 4214 quae
2774 4138 2848 4195 ad
2883 4136 3109 4213 plebem

393 4236 648 4303 spectant
675 4239 731 4285 et
758 4228 1055 4304 pertinent.

478 4335 529 4372 x.
572 4316 948 4375 Prohibemus
963 4315 1454 4394 attbipttsbptttiss
1474 4317 1865 4393 probationem
1893 4329 2376 4385 testamentorum,
2399 4320 2785 4377 tractationem
2805 4336 3105 4375 causarum
