3882 5037
373 498 507 553 Sscr.
523 496 589 551 V.
625 495 697 568 1.]
1146 490 1791 570 ‘Hermann—Diome
1819 492 1878 553 of
1903 491 2240 558 &sustenta
2916 499 3055 571 301

370 702 538 753 utum
575 715 745 752 suum
783 693 1189 760 constituendi,
1227 705 1282 752 et
1323 692 1555 752 fovendi
1595 692 1657 750 in
1697 693 1956 751 absentia
1981 694 2308 767 hujusmodi
2331 714 2432 772 per
2454 714 2637 753 unum
2664 715 2915 753 mensem
2941 716 3067 773 per-

368 785 589 842 stiterint
638 786 712 843 ab
765 784 1096 859 hujusmodi
1137 783 1255 842 suis
1293 781 1654 847 betauatibuss
1695 784 1858 860 lapso
1898 786 2105 843 mensis
2147 786 2328 863 spatio
2368 786 2640 863 proedicto
2681 787 2795 845 siut
2835 806 2904 846 eo
2943 787 3067 865 ipso

367 877 562 952 privati,
579 895 826 952 moxque
849 876 1193 935 camerarius
1214 886 1477 934 teneatur
1494 875 1797 934 confi-atres
1826 876 2166 954 capitulares
2195 896 2299 954 pro
2324 877 2558 936 alterius
2576 874 2764 938 beraut
2791 879 3066 938 electione

365 988 666 1035 convocare,
701 978 759 1027 et
796 967 978 1025 alium
1016 971 1279 1028 bttauum
1318 990 1452 1027 cum
1491 968 1704 1026 eisdem
1744 968 1973 1044 eligere.
2056 969 2226 1034 Quod
2266 968 2315 1026 si
2356 970 2695 1028 camerarius
2730 970 2879 1028 infra
2903 971 3067 1046 quin-

364 1060 546 1118 denam
580 1071 705 1138 post
740 1060 968 1137 lapsum
1004 1059 1140 1119 dicti
1169 1061 1380 1119 mensis
1407 1060 1575 1139 spatii
1604 1060 1787 1118 facere
1816 1061 2151 1137 neglexerit,
2181 1060 2257 1118 sit
2282 1081 2352 1121 eo
2380 1060 2504 1138 ipso
2530 1063 2605 1120 ab
2633 1062 2817 1121 officio
2843 1063 3065 1122 divino-

367 1172 476 1209 rum
499 1172 818 1230 suspensus.

432 1244 546 1301 Hac
571 1244 807 1322 insuper
831 1243 1233 1302 constitutione
1261 1243 1560 1311 universis,
1588 1254 1647 1301 et
1673 1243 1917 1320 singulis
1941 1238 2163 1308 uetanis
2203 1244 2373 1303 nobis
2398 1244 2667 1319 subjectis
2688 1246 3067 1323 praecipimus,

364 1347 421 1392 ut
441 1337 681 1394 notorios
715 1355 997 1403 excessus,
1023 1345 1082 1394 et
1116 1336 1431 1413 praesertim
1460 1337 1609 1404 illos,
1636 1336 1847 1411 quibus
1875 1336 2113 1395 ecclesia
2139 1335 2559 1394 scandalizatur
2583 1357 3063 1413 quorumcunque

364 1426 493 1483 infra
526 1446 694 1484 suum
732 1430 1055 1487 betanatum
1096 1427 1570 1495 beneficiatorum,
1598 1448 1701 1487 seu
1739 1428 1987 1486 aliorum
2026 1428 2361 1487 clericorum
2401 1428 2551 1485 infra
2591 1428 2735 1486 duos
2768 1450 2987 1488 menses
3028 1425 3067 1488 a

365 1529 592 1595 tempore
621 1518 841 1576 notitiae
866 1538 985 1577 suae
1011 1520 1440 1597 computandoS,
1467 1519 1653 1586 nobis,
1682 1539 1782 1578 seu
1808 1520 2025 1578 vicario
2056 1530 2252 1577 nostro
2279 1519 2585 1587 notificent,
2611 1530 2667 1579 et
2693 1520 3064 1579 conscribant.

366 1611 510 1675 Quod
537 1611 587 1668 si
609 1611 743 1686 quis
768 1611 953 1670 facere
973 1611 1311 1686 neglexerit,
1326 1623 1381 1670 et
1407 1610 1741 1685 hujusmodi
1767 1621 2048 1669 statutum
2075 1623 2346 1670 executus
2374 1630 2490 1670 non
2516 1611 2687 1669 fuerit
2709 1631 2842 1669 cum
2862 1612 3064 1670 effectu

367 1715 570 1781 propter
594 1703 1019 1779 omnipotentis
1048 1703 1164 1761 Dei
1192 1702 1659 1771 misericordiam,
1684 1723 1860 1778 quam
1887 1703 2146 1771 incurrit,
2173 1708 2345 1779 poena
2367 1703 2668 1779 condigna,
2692 1722 2793 1780 per
2814 1723 2938 1770 noS,
2964 1714 3066 1761 aut

367 1807 597 1852 nostrum
622 1794 905 1853 vicarium
945 1795 1236 1871 puniatur,
1265 1806 1323 1853 et
1363 1796 1685 1853 mulctetur.
1764 1796 1914 1853 Sunt
1951 1806 2144 1854 autem
2186 1793 2499 1853 scandalosi
2540 1815 2816 1862 excessus,
2847 1795 3063 1852 furtum

370 1887 716 1956 manifestum,
745 1886 1140 1954 homicidium,
1168 1885 1465 1945 fornicatio
1495 1886 1827 1947 scandalosa
1853 1888 2187 1965 presbyteri,
2216 1898 2274 1946 et
2300 1886 2444 1945 adeo
2464 1888 2705 1955 notoria,
2723 1888 2882 1963 quod
2899 1888 3065 1947 nulla

371 1990 530 2054 potest
553 1977 1013 2056 tergiversatione
1052 1978 1244 2036 celari.
1327 1979 1480 2036 Item
1502 1979 1551 2037 si
1577 1979 1817 2038 clericus
1842 1976 2155 2039 literatorie
2184 1978 2706 2038 excommunicatus
2736 1974 2983 2056 publice,
3008 1990 3065 2038 et

366 2071 416 2127 in
430 2071 594 2128 forma
608 2070 864 2129 ecclesiae
889 2071 1212 2139 celebraret,
1234 2073 1326 2130 vel
1350 2073 1692 2132 ministraret
1705 2074 1947 2151 legendo
1963 2073 2347 2151 evangelium,
2365 2093 2466 2132 seu
2488 2072 2799 2149 epistolam.
2841 2073 2987 2130 Item
3011 2071 3061 2130 si

364 2161 576 2220 clericus
596 2181 833 2220 usuram
849 2160 1148 2221 manifeste
1170 2176 1465 2223 exerceret.
1527 2166 1678 2224 Item
1694 2166 1744 2224 si
1760 2165 1998 2225 clericus
2015 2168 2409 2241 cujuscunque
2428 2165 2639 2240 gradsis
2654 2175 2781 2239 post
2798 2163 3060 2222 monitio-

365 2273 477 2311 nem
493 2251 675 2313 bttani
696 2273 758 2311 se
775 2254 1042 2322 tabernis,
1071 2256 1457 2332 lupanaribus,
1473 2268 1530 2316 et
1552 2257 1776 2315 actibus
1792 2255 2011 2315 illicitis
2038 2254 2255 2316 notorie
2283 2256 2614 2321 immisceat,
2636 2266 2692 2314 et
2716 2255 2805 2312 his
2834 2255 3061 2312 similes.

435 2341 667 2422 Insuper
712 2344 1066 2413 ordinamus,
1102 2356 1170 2403 ut
1214 2348 1411 2406 nullus
1455 2347 1518 2405 in
1559 2349 1823 2407 hunnum
1862 2346 2104 2409 ruralem
2152 2360 2359 2407 nostrae
2399 2341 2656 2405 dioecesis‘
2692 2347 2921 2413 electus,
2961 2357 3064 2404 aut

364 2434 658 2510 eligendus,
693 2437 952 2494 nondum
980 2438 1343 2496 confirmatus
1382 2438 1631 2497 officium
1671 2436 1859 2499 bttaui
1898 2452 2030 2500 ante
2069 2439 2556 2500 confirmationem
2596 2456 2763 2495 suam
2803 2432 2843 2494 ὲ
2880 2436 3065 2505 nobis,

367 2527 448 2583 vel
470 2528 673 2588 vicario
717 2540 931 2596 nostr0,
960 2529 1344 2598 obtinendam,
1372 2550 1649 2600 exercere,
1677 2542 1779 2591 aut
1818 2554 1878 2592 se
1917 2536 2183 2594 bttantmt
2218 2532 2529 2597 nominare,
2555 2531 2651 2590 vel
2677 2528 2941 2596 scribere,
2971 2530 3062 2588 vel

367 2635 456 2693 pro
499 2620 599 2677 tali
640 2640 845 2698 gerere
888 2619 1317 2695 quomodolibet
1359 2633 1684 2698 presumat:
1754 2624 1994 2683 formam
2040 2635 2232 2684 autem
2280 2623 2592 2700 juramenti
2645 2640 2747 2699 per
2798 2624 3062 2681 bannum

366 2713 656 2783 quemlibet
681 2713 745 2770 in
772 2716 878 2771 sua
903 2712 1330 2771 confirmatione
1353 2714 1655 2789 praestandi
1676 2715 1851 2773 talem
1879 2736 1999 2774 oese
2022 2718 2291 2775 volumus
2309 2719 2480 2793 juxta
2505 2714 2581 2773 ad
2606 2732 2714 2773 nos
2738 2714 3062 2778 deductam,

366 2810 415 2855 et
448 2799 698 2879 longaeve
741 2804 1099 2862 observatam
1138 2803 1632 2872 consuetudinem,
1656 2815 1723 2864 ut
1761 2806 2050 2882 sequitur=
2104 2807 2289 2885 primo
2331 2807 2597 2867 videlicet
2629 2807 2866 2881 jurabit,
2907 2806 3065 2881 quod

366 2893 606 2951 mandata
648 2904 858 2963 nostra,
884 2894 1103 2962 vicarii,
1147 2903 1203 2953 et
1242 2894 1496 2953 officialis
1537 2908 1865 2956 nostrorum
1907 2918 2011 2975 pro
2051 2908 2302 2977 tempore
2345 2899 2704 2959 existentium
2746 2908 3066 2958 reverenter

364 2994 671 3056 exequatur,
703 2995 770 3041 ut
806 2984 990 3052 nobis,
1025 2995 1084 3042 et
1121 2982 1332 3044 eisdem
1374 2986 1560 3044 fidelis
1600 2988 1725 3056 erit,
1769 2991 2040 3064 quodque
2083 2991 2349 3060 officium,
2392 2992 2466 3049 ad
2514 2992 2671 3069 quod
2710 2994 2924 3050 electus
2963 3000 3064 3057 est,

364 3071 589 3132 fideliter
625 3075 904 3135 exercebit
944 3077 1157 3151 absque
1199 3078 1349 3145 dolo,
1376 3089 1432 3137 et
1458 3078 1673 3139 fraude.
1755 3080 1902 3139 Item
1931 3082 2093 3157 quod
2121 3101 2291 3159 penes
2322 3103 2382 3141 se
2404 3083 2611 3142 habeat
2639 3094 2856 3141 statuta
2893 3101 3063 3158 syno-

365 3162 516 3233 dalia,
554 3177 611 3224 et
654 3167 763 3225 illa
808 3168 871 3226 in
908 3187 1060 3226 anno
1097 3180 1315 3244 quater,
1352 3171 1447 3229 vel
1489 3170 1741 3230 evidenti
1780 3193 1840 3232 se
1878 3173 2051 3231 dante
2100 3175 2448 3241 necessitate,
2493 3176 2589 3232 vel
2637 3172 3062 3250 impedimento,

366 3255 533 3315 minus
559 3258 646 3315 bis
670 3258 1051 3318 confratribus
1078 3260 1197 3319 suis
1223 3262 1296 3319 ad
1323 3261 1682 3321 intellectum
1708 3265 2043 3341 publicabit,
2073 3285 2255 3341 eaque
2284 3261 2696 3325 inviolabiliter
2720 3263 3061 3330 observabit,

365 3355 414 3402 et
435 3349 502 3406 ab
525 3350 653 3408 aliis
681 3362 961 3425 quantum
989 3352 1051 3410 in
1081 3370 1151 3411 eo
1178 3365 1282 3420 ast,
1308 3354 1605 3415 observare
1632 3356 1803 3414 faciat
1829 3356 1980 3425 dolo,
2005 3367 2061 3415 et
2086 3356 2283 3414 fraude
2311 3355 2553 3414 semotis.
2634 3354 2802 3420 Quod
2831 3353 3065 3430 insuper

367 3457 604 3500 excessus
642 3443 991 3501 confratrum
1032 3462 1284 3511 suorum,
1314 3457 1488 3522 prout
1526 3447 1602 3505 ad
1642 3468 1703 3506 se
1745 3459 1978 3526 spectat,
2006 3447 2302 3525 corrigere,
2329 3445 2751 3524 incorrigibiles
2785 3462 2922 3502 vero
2960 3460 3064 3519 pro

368 3546 547 3589 eorum
586 3533 907 3592 excessibus
946 3553 1050 3611 pro
1088 3533 1301 3610 quibus
1341 3535 1631 3596 deferendi
1670 3551 1804 3598 sunt
1842 3538 2032 3607 nobis,
2058 3540 2150 3599 vel
2185 3537 2419 3605 vicario,
2448 3557 2549 3596 seu
2591 3534 2819 3595 officiali
2857 3532 3064 3593 nostris

367 3618 563 3681 deferre
589 3644 707 3682 non
733 3624 993 3682 tardabit.

434 3713 712 3773 Caeterum
752 3715 1015 3789 quamvis
1056 3735 1128 3774 ex
1166 3717 1629 3794 predecessorum
1669 3732 2014 3789 nostrorum,
2042 3732 2100 3780 et
2140 3720 2314 3780 etiam
2340 3723 2530 3779 nostra
2558 3718 2922 3779 concessione
2963 3715 3066 3774 diu

366 3802 592 3873 tolerata,
617 3804 838 3870 uetanis
864 3807 1119 3865 locorum
1147 3821 1431 3886 competat
1459 3812 1715 3879 facultas,
1743 3812 1995 3871 ecclesiis
2022 3832 2125 3891 per
2149 3812 2372 3871 obitum
2400 3812 2734 3871 vacantibus
2757 3810 2831 3870 ad
2856 3807 3069 3868 mensis

367 3894 608 3968 matium,
634 3892 674 3955 a
715 3898 809 3956 die
852 3898 1164 3957 vacationis
1202 3902 1512 3959 earundem
1550 3904 2015 3981 computandum,
2042 3923 2144 3981 per
2183 3922 2448 3980 personas
2474 3904 2708 3964 idoneas
2732 3898 3066 3980 providendi

368 3980 419 4038 in
443 3986 646 4045 divinis
674 3999 730 4048 et
757 3989 1079 4048 animarum
1106 4011 1257 4058 cura,
1287 3994 1558 4052 nolumus
1585 4006 1792 4063 tamen,
1819 3997 1974 4070 quod
2015 3995 2261 4054 induciis
2301 3997 2642 4056 authoritate
2680 4000 2873 4055 nostra
2914 3994 3064 4052 ordi·

367 4076 509 4134 naris
535 4080 607 4137 ad
634 4081 898 4139 ecclesias
927 4081 1095 4157 ipsas,
1125 4082 1216 4140 vel
1243 4083 1362 4141 alia
1388 4087 1667 4145 beneficia
1692 4088 1952 4145 vacantia
1979 4089 2254 4147 concessis
2281 4090 2720 4167 exspirantibus,
2739 4087 2850 4166 ipsi
2876 4080 3063 4147 uttan(

368 4162 471 4222 illis
507 4168 742 4243 perinde
784 4172 1124 4249 providendi
1169 4174 1386 4250 absque
1428 4183 1640 4246 nostra,
1671 4179 1761 4237 vel
1802 4180 2000 4238 vicarii
2038 4179 2215 4238 nostri
2255 4180 2492 4257 speciali
2537 4179 2769 4238 licentia
2808 4177 3063 4252 aliquam

369 4251 592 4317 habeant
607 4261 956 4332 facultatem,
971 4261 1227 4341 alioquin
1255 4266 1305 4325 si
1322 4263 1485 4327 secus
1509 4290 1611 4350 per
1631 4269 1784 4348 ipsos
1803 4282 1998 4329 actum
2027 4271 2212 4340 fuerit,
2239 4272 2594 4332 decernimus
2618 4271 2838 4330 viribus
2859 4284 3062 4325 carere-

1843 4364 1958 4420 CC.
1984 4365 2328 4432 Germanice,
2357 4363 2522 4420 Tom.
2540 4381 2595 4419 v.
2621 4381 2712 4439 pp.
2729 4358 3064 4418 451-453.
