3882 5037
815 454 963 527 328
1602 446 2373 526 Ξρρειιῦίπ.-Εῦοιιῐίιιειιιεῑ
2399 448 2771 513 Botumeuts.
3273 451 3459 525 [PART
3480 456 3534 512 I.

815 659 871 707 et
907 649 1197 717 definiant,
1223 659 1462 722 actaque
1497 649 1960 725 congregationis
1995 646 2033 708 a
2062 653 2277 717 ultano,
2317 663 2372 710 et
2410 652 2750 711 consiliariis
2786 653 3106 730 subscripta
3139 654 3212 711 ad
3253 676 3374 723 nos,
3417 657 3540 717 sive

815 740 1109 798 officialem
1147 751 1406 796 nostrum
1436 742 1760 816 generalem
1795 761 1898 818 per
1932 755 2152 800 certum
2190 744 2458 801 nuntium
2489 746 2893 811 transmittant,
2924 765 3197 820 suamque
3223 766 3541 826 congrega-

817 834 1027 891 tionem
1064 849 1164 906 per
1195 830 1425 888 solenne
1466 833 1537 887 Te
1577 833 1767 890 Deum
1804 833 2131 900 laudamus,
2164 844 2222 891 et
2256 837 2545 911 praemisso
2574 856 2742 894 versu
2783 837 3197 894 Benedicamm
3225 838 3466 896 Patrem
3490 846 3544 897 et

819 924 1046 988 Filium,
1091 923 1192 980 ἃς.
1236 941 1340 999 per
1394 924 1725 981 Orationem
1766 925 1836 981 de
1886 925 2253 983 Sanctissima
2299 927 2598 994 Trinitate,
2641 948 2774 985 cum
2827 928 3005 986 altera
3058 946 3165 1003 pro
3219 929 3540 1004 gratiarum

817 1015 1037 1073 actione
1064 1013 1383 1081 terminent,
1410 1035 1475 1072 ac
1503 1016 1730 1073 tandem
1759 1017 1956 1075 eadem
1984 1017 2076 1075 die
2106 1018 2179 1075 ad
2206 1018 2473 1076 ecclesias
2501 1039 2632 1077 suas
2661 1030 3016 1078 revertantur
3040 1019 3102 1076 in
3131 1040 3282 1096 pace.

906 1104 1096 1162 Officii
1130 1100 1401 1181 praeterea
1436 1109 1760 1166 Batauorum
1791 1118 1894 1176 est,
1923 1109 2153 1167 visitare
2179 1109 2335 1166 omni
2362 1128 2512 1166 anno
2541 1110 2799 1185 singulas
2826 1110 2916 1167 sui
2943 1111 3234 1175 bennatus
3262 1112 3544 1181 ecclesias,

820 1196 1169 1274 praemonitis
1195 1193 1590 1255 antecedenter
1611 1200 1730 1257 sive
1757 1220 1856 1277 per
1881 1220 2221 1278 processum,
2250 1200 2370 1258 sive
2398 1221 2500 1276 per
2524 1201 2722 1259 literas
2749 1202 2980 1259 illarum
3010 1203 3341 1270 rectoribus,
3368 1225 3542 1279 quem

821 1289 1011 1347 taliter
1047 1290 1416 1365 praemonitus
1450 1290 1693 1364 quilibet
1731 1293 2088 1369 praeposituS,
2116 1294 2413 1368 parochus,
2443 1304 2546 1349 aut
2578 1292 3036 1351 commendarius
3072 1313 3204 1351 cum
3233 1294 3450 1354 vicario
3475 1317 3542 1354 ac

823 1379 1095 1438 ministris
1114 1380 1363 1439 ecclesiae
1389 1381 1545 1441 domi
1571 1403 1687 1441 suae
1712 1396 2023 1461 expectare,
2051 1385 2331 1460 illumque
2358 1405 2491 1442 cum
2522 1385 2683 1443 omni
2707 1385 2941 1461 quidem
2971 1384 3262 1452 civilitate,
3292 1387 3541 1463 hospita-

823 1471 999 1538 litate,
1029 1491 1095 1529 ac
1137 1472 1327 1530 debita
1360 1474 1691 1542 reverentia,
1721 1486 1777 1533 et
1815 1476 2151 1543 obedientia,
2189 1487 2458 1550 tanquam
2492 1478 2756 1536 bttanum
2794 1495 2965 1534 suum
3002 1489 3059 1534 et
3091 1477 3542 1536 commissarium

823 1573 1078 1619 nostrum
1110 1563 1219 1619 sub
1247 1564 1430 1638 poenis
1457 1583 1561 1641 pro
1592 1565 1865 1640 qualitate
1898 1566 2100 1643 culpas,
2127 1576 2229 1623 aut
2267 1565 2661 1624 inobedientia!
2688 1563 3152 1625 irremissibiliter
3178 1568 3544 1625 extendendis

825 1654 1107 1731 suscipere
1135 1655 1436 1720 tenebitur,
1455 1676 1570 1713 non
1598 1666 1789 1713 tamen
1817 1653 2144 1715 solemniter
2171 1658 2414 1733 pulsatis
2441 1657 2730 1735 campanis
2754 1658 2826 1715 ad
2854 1657 3146 1717 ecclesiam
3166 1657 3543 1726 introducere,

828 1743 982 1817 quod
1011 1743 1175 1801 nobis
1204 1740 1439 1813 tantum,
1467 1747 1789 1822 nostrisque
1816 1746 2208 1807 visitatoribus
2235 1769 2610 1807 reservamus.

907 1834 1029 1892 Sub
1071 1835 1220 1893 illud
1264 1836 1450 1911 igitur
1491 1848 1715 1915 tempus
1752 1839 2062 1914 praesentiae
2098 1860 2217 1897 suae
2257 1860 2373 1897 non
2415 1835 2598 1897 solum
2637 1840 3064 1917 supellectilem,
3093 1851 3150 1900 et
3191 1853 3542 1910 ornamenta,

825 1926 1084 1984 ordinem
1112 1939 1171 1983 et
1195 1928 1448 1986 decorem
1478 1929 1540 1986 in
1569 1930 1819 1998 ecclesia,
1840 1942 1897 1988 et
1924 1932 2073 1988 ciroe
2098 1931 2258 1989 illam
2290 1931 2629 1989 munditiem
2658 1951 2945 1989 sacrorum
2971 1932 3385 1999 linteaminum,
3404 1953 3546 2009 proe-

826 2013 994 2092 cipue
1036 2019 1437 2093 corporalium,
1467 2021 1987 2095 purificatoriorum
2017 2024 2429 2098 subpallorum‚
2455 2044 2532 2080 an
2564 2043 2696 2080 cum
2736 2024 3056 2081 inventario
3095 2025 3416 2092 concordet,
3447 2026 3548 2083 sed

826 2108 996 2166 etiam
1022 2108 1241 2168 fructus
1276 2129 1489 2177 omnes,
1526 2112 1750 2181 fundos,
1789 2115 2060 2181 redditus,
2089 2125 2416 2191 proventus,
2445 2115 2839 2190 possessione&
2858 2115 3008 2187 jura,
3038 2115 3359 2193 privilegia,
3386 2116 3548 2176 dotes

827 2202 1255 2269 beneficiorum,
1281 2203 1677 2280 inscriptiones
1714 2227 2067 2265 summarum
2103 2203 2406 2284 diligenter
2439 2219 2720 2274 connotet,
2749 2202 2991 2264 maxime
3028 2217 3217 2264 autem
3247 2207 3316 2265 de
3347 2208 3462 2265 vita
3490 2221 3547 2265 et

826 2294 1248 2353 conversatione
1289 2295 1661 2362 sacerdotum,
1706 2318 1771 2355 ac
1813 2300 1884 2357 de
1924 2299 2204 2357 scandalis
2242 2309 2299 2358 et
2340 2299 2664 2357 excessibus
2703 2297 2945 2355 notoriis
2984 2296 3131 2355 inter
3170 2298 3547 2374 parochianos

826 2385 1128 2461 utriusque
1160 2408 1330 2445 sexus
1366 2387 1638 2463 inquirat,
1666 2399 1723 2446 et
1749 2390 2000 2449 defectus
2028 2412 2223 2450 omnes
2252 2403 2368 2449 tam
2399 2392 2461 2449 in
2488 2391 2899 2467 spiritualibus,
2927 2408 3101 2463 quam
3132 2391 3546 2465 temporalibus

827 2477 996 2535 rebus
1036 2474 1293 2537 accurate
1335 2489 1392 2536 et
1431 2476 1620 2538 exacte
1660 2480 1952 2541 describat.
2035 2483 2406 2542 visitationes
2448 2503 2578 2542 suas
2618 2483 2693 2541 ad
2732 2500 2853 2549 nos,
2886 2477 3246 2556 officiumque
3288 2492 3544 2541 nostrum

827 2570 1091 2637 remittat,
1114 2582 1168 2627 et
1197 2591 1368 2647 super
1395 2574 1662 2631 omnibus
1694 2575 1997 2650 praemissis
2025 2576 2305 2634 informet.

906 2655 1190 2718 Praeterea
1216 2661 1288 2718 ad
1318 2660 1552 2719 illorum
1583 2663 1832 2721 officium
1863 2676 2115 2741 spectare
2144 2665 2519 2741 dignoscitur,
2549 2667 2620 2725 de
2647 2665 2982 2724 vacantibus
3007 2683 3352 2740 quocunque
3376 2665 3545 2724 modo

824 2751 1089 2818 ecclesiis,
1130 2772 1252 2818 noS,
1295 2763 1397 2808 aut
1448 2754 1695 2810 officium
1751 2766 2010 2814 nostrum
2056 2753 2398 2832 quantocius
2446 2758 2711 2816 certiores
2765 2756 3013 2814 reddere.
3097 2754 3362 2821 Proinde,
3411 2775 3545 2813 cum

823 2842 1064 2903 bacatum
1096 2841 1399 2901 inaudierit
1436 2842 1686 2917 aliquem
1729 2866 1796 2903 ex
1838 2848 1990 2904 clero
2032 2845 2372 2906 touhttauali
2404 2848 2658 2923 graviter
2683 2847 2978 2912 infirmari,
3005 2846 3249 2905 eundem
3281 2866 3543 2923 persona·

825 2926 956 2988 liter
982 2931 1190 2997 visitet,
1218 2946 1273 2991 et
1300 2933 1373 2990 ad
1401 2934 1677 2992 sumenda
1704 2932 2039 3011 tempestive
2067 2950 2438 3005 sacramenta,
2455 2960 2520 2997 ac
2538 2948 2934 2997 testamentum
2955 2937 3276 2995 faciendum
3297 2933 3546 2995 suaviter

824 3021 1071 3079 inducat.
1153 3024 1321 3089 Quod
1358 3025 1407 3081 si
1442 3026 1774 3100 quempiam
1806 3048 1875 3085 ex
1912 3029 2068 3087 clero
2104 3030 2198 3086 sui
2229 3033 2531 3092 betanatuss
2559 3029 2710 3086 diem
2745 3028 3012 3086 ultimum
3041 3028 3198 3087 obire
3219 3028 3543 3104 contigerit,

822 3114 895 3171 ad
918 3113 977 3170 id
1007 3113 1461 3173 denuntiandum
1489 3116 1632 3174 citra
1655 3118 1840 3175 ullam
1870 3120 2202 3179 dilationem
2222 3126 2418 3181 Batauo
2441 3122 2663 3179 vicinus
2693 3120 2785 3178 illi
2812 3119 3083 3177 defuncto
3108 3120 3389 3196 parochus
3410 3139 3543 3176 cum

824 3206 1198 3282 expressione,
1227 3217 1550 3274 testatusne,
1580 3228 1655 3265 an
1682 3209 1980 3268 intestatus
2006 3214 2323 3279 decesserit,
2350 3214 2649 3273 tenebitur.
2735 3212 2866 3277 Quo
2894 3209 3057 3277 facto,
3086 3210 3136 3268 si
3163 3211 3265 3269 ille
3306 3221 3541 3268 testatus

824 3298 1078 3364 decessit,
1128 3300 1379 3357 monebit
1425 3304 1667 3362 betanus
1711 3314 2056 3371 executoreS,
2098 3315 2164 3362 ut
2210 3300 2629 3382 quamprimum
2683 3304 2755 3361 ad
2799 3304 2989 3361 locum
3033 3302 3145 3360 loci
3190 3302 3543 3368 descendant,

823 3389 1085 3464 factaque
1126 3391 1275 3448 circa
1316 3411 1524 3467 corpus
1579 3393 1833 3451 defuncti
1887 3395 2273 3471 dispositione,
2316 3408 2447 3455 ante
2494 3396 2690 3455 omnia
2740 3394 3007 3452 adhibitis
3060 3396 3262 3451 saltem
3316 3394 3542 3450 duobus

825 3480 1082 3548 testibus,
1111 3481 1495 3541 inventarium
1526 3496 1642 3542 tam
1664 3486 1904 3559 jurium,
1934 3498 1991 3544 et
2017 3488 2387 3564 supellectilis
2416 3487 2828 3552 ecclesiasticae,
2856 3505 3031 3560 quam
3058 3504 3247 3543 rerum
3287 3485 3541 3543 defuncti

824 3571 1127 3639 revideant,
1155 3593 1220 3630 ac
1262 3575 1566 3643 verificenu
1605 3589 1725 3643 aut,
1765 3579 1813 3635 si
1852 3598 1970 3636 non
2011 3592 2095 3637 est
2135 3580 2473 3645 confectum,
2515 3579 2838 3644 conficiant,
2887 3588 3057 3652 atque
3114 3595 3248 3633 cum
3303 3575 3542 3633 testibus

825 3663 1201 3732 subscribant,
1229 3666 1510 3740 rebusque
1553 3667 1909 3742 obsigillatis,
1951 3689 2018 3726 ac
2059 3670 2166 3728 sub
2204 3671 2367 3729 fideli
2407 3671 2663 3729 custodia
2703 3667 2912 3727 relictis
2952 3688 3086 3725 cum
3128 3666 3443 3725 inventario
3483 3677 3542 3722 et

823 3763 1153 3814 testamento
1182 3775 1285 3831 pro
1312 3757 1718 3833 approbatione
1746 3758 1904 3815 illius
1934 3762 2306 3834 procuranda,
2336 3762 2409 3819 ad
2437 3782 2557 3828 nos,
2584 3762 2703 3820 sive
2730 3760 3028 3818 officialem
3069 3769 3325 3817 nostrum
3367 3776 3539 3833 gene-

827 3847 1001 3903 ralem
1032 3856 1342 3905 recurrant.

904 3937 966 3994 Si
995 3932 1129 3995 vero
1156 3939 1439 4014 quispiam
1464 3939 1533 3997 de
1560 3942 1710 4000 clero
1736 3942 2036 4001 intestatus
2054 3944 2379 4014 decesserit,
2409 3958 2546 4004 tunc
2570 3945 2807 4022 ipsemet
2830 3947 3069 4005 betanus
3097 3960 3183 4009 ea,
3202 3959 3332 4016 (1¹1ae
3347 3933 3541 4015 8¹²1)ss

824 4026 1148 4104 adimpleat,
1191 4041 1247 4087 et
1288 4032 1604 4090 confectum
1649 4034 2047 4094 derelictorum
2090 4038 2475 4097 inventarium
2525 4048 2628 4096 aut
2673 4039 2916 4114 ipsemet
2954 4036 3167 4102 afferat,
3203 4046 3308 4093 aut
3337 4051 3539 4107 quam-

822 4114 1066 4193 primum
1108 4139 1207 4196 per
1246 4143 1571 4202 expressum
1614 4127 1885 4184 nuntium
1913 4129 1986 4186 ad
2024 4150 2144 4197 nos,
2173 4132 2266 4189 vel
2291 4131 2540 4189 officium
2569 4141 2826 4189 nostrum
2856 4126 3216 4192 transmittat,
3242 4133 3540 4200 expectans

821 4205 1094 4286 tantispEr
1149 4225 1395 4271 nostram
1451 4214 1895 4292 dispositionem.
2005 4222 2491 4298 Qualitercunque
2552 4221 2724 4280 etiam
2776 4218 3061 4279 vacaverit
3115 4216 3367 4281 ecclesia,
3416 4214 3539 4288 ipse

821 4297 1047 4358 interim
1073 4304 1328 4372 betanus,
1358 4308 1582 4377 (Batauo
1610 4321 1803 4368 autem
1834 4323 2058 4371 mortuo
2085 4313 2326 4371 vicinior
2353 4314 2630 4391 parochus
2656 4314 2792 4379 haec,
2822 4323 2880 4369 et
2907 4310 3231 4387 supradicta
3272 4308 3538 4384 peragat)
