3882 5037
816 475 967 546 324
1587 469 2358 550 filimatia—Gtouttumtal
2388 471 2756 534 worumnus.
3265 469 3452 542 [Pin-r
3482 471 3532 526 1.

818 673 909 729 vel
937 673 1280 731 correctione
1305 683 1361 729 et
1389 672 1750 748 impositione
1779 673 2124 748 poenitentiae
2161 693 2266 750 pro
2299 675 2569 749 qualitate
2599 675 2802 750 culpae,
2837 672 3054 729 mederi
3090 691 3207 730 non
3243 677 3531 747 poterunt,

819 763 892 820 ad
921 783 1043 831 nos,
1072 764 1188 822 sive
1216 764 1507 822 officialem
1541 773 1818 832 nostrum,
1848 764 1967 823 sive
1995 764 2222 841 scripto,
2251 766 2368 823 sive
2403 777 2681 832 oretenus,
2711 767 2833 823 sine
2871 766 3029 821 mora
3065 762 3334 827 deferent,
3360 770 3427 817 ut
3466 759 3531 815 in

816 866 1179 913 contumaces
1207 856 1521 914 sacerdotes
1541 856 1707 929 juxta
1735 877 2019 916 canonum
2062 858 2400 934 praescripta‚
2426 858 2784 935 gravioribus
2823 855 3005 934 poenis
3034 853 3535 911 animadvertatur.

901 941 1228 1022 Diligenter
1253 966 1481 1022 quoque
1522 946 1924 1023 invigilabant,
1953 971 2025 1007 ne
2065 949 2205 1025 quid
2237 950 2296 1006 in
2342 951 2576 1007 illorum
2611 949 2870 1007 districtu
2906 947 3178 1005 adversus
3223 944 3389 1001 fidem
3428 951 3530 999 aut

819 1036 1088 1113 pietatem
1125 1048 1393 1113 emergat,
1420 1039 1522 1112 qui
1565 1059 1682 1097 non
1723 1040 1916 1097 statim
1958 1060 2061 1098 nos
2090 1041 2352 1099 certiores
2381 1041 2635 1107 reddant,
2664 1049 2729 1097 ut
2769 1040 2817 1097 si
2854 1038 2984 1114 quis
3020 1037 3129 1094 sub
3165 1055 3363 1093 eorum
3391 1035 3534 1090 cura

821 1129 1118 1204 parochus,
1146 1129 1233 1186 vel
1263 1130 1365 1187 alii
1407 1131 1734 1199 sacerdotes,
1762 1145 1866 1190 aut
1906 1134 2114 1191 scholae
2159 1144 2354 1200 rector,
2385 1132 2447 1189 in
2490 1132 2745 1189 articulis
2782 1130 3090 1187 Catholicae
3131 1126 3263 1185 fidei
3306 1123 3532 1198 aliquid

821 1220 1188 1297 peregrinum
1218 1220 1417 1296 sapiat,
1444 1233 1500 1277 et
1526 1222 1777 1279 alienum
1805 1225 1878 1281 ab
1904 1224 2155 1282 ecclesiae
2178 1224 2452 1282 Romanae
2479 1223 2755 1288 doctrina,
2785 1221 2834 1277 si
2861 1220 2991 1296 quis
3019 1214 3298 1277 curiosiiis
3324 1217 3394 1274 de
3421 1215 3535 1273 fide

821 1313 1087 1389 disputet,
1116 1323 1173 1370 et
1200 1311 1556 1387 simplicibus
1580 1313 1800 1386 injiciat
1825 1316 2140 1393 scrupulos,
2166 1335 2237 1372 ne
2266 1315 2325 1373 id
2356 1309 2527 1372 latiiis
2549 1324 2748 1390 serpat,
2776 1323 2832 1370 et
2857 1311 3079 1368 animos
3103 1309 3450 1386 simplicium
3470 1308 3534 1364 in

822 1423 1066 1462 errorem
1111 1403 1363 1469 inducat,
1395 1399 1612 1461 mature
1642 1407 1978 1463 auctoritate
2024 1410 2214 1463 nostra
2256 1405 2632 1483 provideatur.
2716 1404 2918 1477 Itaque
2961 1405 3030 1459 ea
3072 1401 3386 1475 diligentia,
3417 1401 3535 1475 qua

824 1495 1047 1559 debent,
1075 1503 1131 1551 et
1157 1504 1435 1560 tenentur,
1464 1494 1631 1552 nobis
1659 1497 1937 1568 ejusmodi
1975 1516 2243 1572 personas
2281 1497 2736 1554 manifestabunt.
2818 1494 3096 1551 Moneant
3132 1492 3325 1549 itidem
3359 1509 3536 1547 sacer-

824 1588 996 1652 dotes,
1025 1595 1090 1641 ut
1118 1587 1167 1643 si
1192 1582 1422 1660 quando
1446 1586 1505 1644 in
1533 1587 1977 1662 disputationem
1999 1589 2251 1664 aliquam
2282 1609 2413 1646 eum
2438 1588 2733 1653 haereticis,
2753 1597 2853 1643 aut
2883 1604 3079 1642 eorum
3106 1583 3376 1641 ministris
3396 1581 3541 1657 ipsis

825 1675 1277 1735 descendendum
1306 1677 1396 1742 sit,
1437 1678 1495 1734 id
1537 1674 1704 1735 caute
1731 1690 1787 1737 et
1827 1676 2032 1746 sobrie,
2060 1681 2202 1738 locis
2240 1680 2475 1748 idoneis„
2503 1701 2619 1739 non
2661 1681 2721 1737 in
2754 1675 3270 1741 comessationibus,
3300 1673 3540 1742 faciant;

827 1763 865 1823 ὲ
899 1768 1110 1844 jurgiis
1163 1780 1218 1825 et
1272 1769 1729 1827 contentionibus
1786 1767 2014 1846 prorsiis
2069 1772 2408 1840 abstineant,
2454 1773 2552 1830 sed
2593 1792 2782 1830 veram
2837 1768 3150 1827 doctrinam
3204 1766 3537 1825 catholicam

828 1858 1272 1933 Scripturarum,
1300 1871 1625 1918 sanctorum
1667 1861 1926 1930 Patrum,
1961 1863 2346 1922 Conciliorum
2389 1863 2884 1929 oecumenicorum‚
2919 1873 2976 1920 et
3016 1858 3352 1919 venerandae
3392 1859 3540 1915 anti-

829 1949 1062 2024 quitatis
1090 1951 1426 2010 auctoritate
1455 1954 1805 2013 confirment.

910 2042 1259 2101 provideant
1301 2043 1485 2109 etiam,
1516 2065 1587 2102 ne
1629 2045 1760 2121 vagi
1789 2046 2108 2105 sacerdotes
2156 2046 2277 2106 sive
2322 2050 2631 2125 regulares,
2658 2047 2776 2105 sive
2819 2047 3136 2109 saeculares,
3171 2042 3233 2100 in
3276 2042 3544 2101 ecclesias

829 2144 1046 2190 nostras
1091 2154 1207 2193 sese
1250 2134 1575 2202 obtrudant,
1601 2158 1672 2195 ne
1713 2138 1843 2212 quis
1888 2140 2261 2214 parochorum
2303 2150 2406 2196 aut
2449 2137 2992 2196 commendariorum
3036 2136 3225 2201 etiam,
3259 2146 3359 2192 aut
3401 2155 3545 2209 quo-

832 2225 1048 2282 rumvis
1077 2226 1429 2284 sacerdotum
1460 2226 1531 2283 ad
1561 2248 1757 2286 curam
1793 2231 2130 2296 animarum,
2157 2230 2703 2288 administrationem
2739 2238 3239 2291 sacramentorum,
3270 2226 3545 2303 praedica-

831 2317 1000 2374 tionis
1027 2319 1293 2385 officium,
1322 2317 1699 2376 ministerium
1738 2323 1951 2388 altaris,
1980 2322 2327 2389 admittatur,
2357 2322 2479 2379 sine
2521 2321 2730 2397 praevio
2770 2318 3048 2385 examine,
3089 2330 3145 2377 et
3183 2318 3295 2376 nisi
3336 2318 3547 2376 suffici-

834 2403 992 2465 enter
1022 2409 1362 2483 probaverit,
1391 2430 1449 2467 se
1476 2408 1731 2485 legitimi²
1760 2414 2085 2471 ordinatum
2116 2434 2252 2481 esse,
2283 2414 2643 2490 probataeque
2668 2413 2804 2470 fidei
2835 2412 3192 2476 sacerdotem,
3216 2430 3404 2484 neque
3430 2410 3543 2467 ulli

833 2518 938 2575 pro
966 2501 1273 2578 capellanis
1318 2514 1420 2561 aut
1461 2503 1684 2562 vicariis
1733 2506 2099 2582 recipiantur,
2127 2506 2240 2565 nisi
2284 2502 2438 2583 priiis
2479 2506 2661 2573 nobiS,
2689 2515 2789 2564 aut
2832 2503 3057 2563 officiali
3100 2513 3293 2562 nostro
3338 2502 3549 2561 fuerint

834 2594 1167 2667 praesentati.

918 2684 1220 2759 Inquirent
1246 2686 1416 2744 etiam
1445 2685 1768 2765 diligenter,
1797 2688 2088 2765 quomodo
2119 2691 2422 2769 hospitalia
2449 2702 2506 2749 et
2541 2691 2790 2767 capellae,
2818 2709 2888 2747 ex
2917 2687 3131 2763 quibus
3165 2687 3376 2761 aliquae
3404 2687 3550 2743 elee-

836 2793 1085 2850 mosynae
1112 2778 1480 2854 colliguntur,
1509 2781 1997 2849 administrentur,
2026 2794 2082 2841 et
2104 2805 2280 2858 quam
2309 2779 2538 2842 honeste
2566 2783 2741 2841 vitam
2771 2800 3048 2857 pauperes
3074 2780 3136 2836 in
3164 2778 3304 2855 ipsis
3323 2778 3553 2843 ducant,

837 2867 1171 2942 dabuntque
1199 2889 1444 2946 operam,
1474 2882 1541 2928 ut
1566 2873 1811 2930 rationes
1839 2894 1907 2931 ex
1935 2875 2424 2935 administratione
2453 2896 2668 2942 eorum,
2698 2876 2755 2932 in
2791 2871 3090 2950 praesentis
3129 2869 3358 2946 parochi
3387 2880 3552 2945 quot-

839 2953 1018 3024 anniS,
1049 2960 1120 3014 ab
1148 2959 1235 3027 iis,
1259 2962 1472 3035 quibus
1494 2965 1808 3023 commissae
1836 2978 1989 3034 sunt,
2017 2968 2188 3025 etiam
2217 2969 2324 3043 ipsi
2347 2968 2624 3027 visitatori
2648 2967 2972 3025 reddantur.
3057 2963 3148 3021 De
3178 2960 3552 3038 indulgentiis

839 3049 1008 3107 etiam
1037 3048 1342 3126 diligenter
1364 3054 1671 3129 inquirent,
1695 3068 1764 3124 et,
1784 3058 1832 3115 si
1854 3055 1994 3117 forte
2015 3060 2226 3117 abusus
2247 3061 2473 3135 aliquos
2503 3062 2563 3119 in
2591 3061 2708 3118 illis
2733 3059 3061 3135 repererint,
3085 3058 3176 3117 vel
3200 3057 3309 3133 ipsi
3338 3056 3552 3119 tollent,

842 3142 932 3199 vel
959 3161 1063 3199 nos
1091 3143 1162 3200 de
1207 3143 1345 3219 ipsis
1387 3146 1789 3207 informabunt.
1875 3150 2127 3209 Maxime
2170 3165 2361 3211 autem
2405 3154 2677 3211 vetabunt
2719 3153 2989 3210 coi'tiones
3021 3162 3077 3208 et
3119 3148 3554 3208 comessationes

841 3234 1209 3301 sacerdotum,
1238 3257 1382 3311 quas
1412 3238 1470 3295 in
1501 3241 1831 3315 patrociniis
1858 3255 1915 3302 et
1943 3244 2393 3303 dedicationibus
2421 3246 2786 3302 ecclesiarum
2814 3243 2941 3300 fieri
2971 3239 3368 3316 intelligimus

924 3326 1318 3385 Providebunt
1356 3331 1543 3397 etiam,
1579 3342 1644 3389 ut
1683 3335 1914 3408 parochi
1957 3356 2257 3411 nunquam
2299 3337 2371 3393 ab
2412 3336 2618 3394 ovibus
2659 3337 2779 3393 suis
2823 3334 3102 3399 recedant,
3144 3330 3239 3388 sed
3282 3323 3557 3405 perpetuo

843 3418 997 3494 apud
1042 3418 1192 3496 ipsas
1234 3421 1535 3491 resideant,
1560 3435 1618 3481 et
1658 3425 1717 3483 in
1762 3428 2067 3502 pastoralia
2113 3429 2312 3485 munia
2353 3424 2663 3504 diligenter
2707 3426 3070 3491 incumbant3
3109 3432 3453 3498 quapropter
3495 3421 3557 3477 in

846 3511 1108 3568 omnibus
1157 3514 1278 3570 suis
1326 3525 1442 3573 tam
1490 3516 1927 3587 visitationibus,
1977 3541 2150 3595 quam
2200 3521 2739 3597 congregationibus
2789 3530 2983 3576 nostro
3037 3516 3265 3575 nomine
3313 3514 3371 3571 id
3419 3511 3558 3589 ipsis

847 3601 1281 3671 denuntiabunt,
1323 3628 1396 3665 ne
1442 3628 1541 3684 per
1588 3620 1770 3666 totum
1814 3632 2032 3669 annum
2074 3616 2226 3671 ultra
2270 3632 2516 3669 mensem
2563 3611 2868 3685 quisquam
2923 3610 2996 3666 ab
3051 3608 3285 3666 ecclesia
3339 3609 3444 3662 sua
3499 3624 3559 3661 se

849 3692 1117 3759 absentet,
1146 3694 1267 3752 sine
1294 3702 1504 3765 nostrai,
1535 3702 1625 3757 vel
1654 3703 1910 3760 officialis
1952 3705 2130 3761 nostri
2171 3703 2421 3768 licentia,
2449 3723 2580 3776 quae
2606 3723 2676 3762 ex
2707 3703 2883 3777 justis
2925 3702 3112 3760 causis
3140 3718 3256 3757 non
3282 3692 3560 3774 gravatim

850 3783 1204 3852 concedetur,
1232 3797 1287 3843 et
1315 3788 1376 3846 in
1406 3790 1630 3865 scriptis
1659 3793 1877 3851 extradi
1908 3796 2285 3853 mandabitur.
3468 3856 3472 3859 .

931 3874 1023 3931 Ad
1051 3874 1642 3953 &ttbspttsfiytetotum
1671 3903 1898 3958 quoque
1926 3906 2121 3943 curam
2147 3908 2211 3945 ac
2242 3887 2690 3946 sollicitudinem
2720 3886 2977 3962 pertinet,
2997 3886 3142 3943 utin
3168 3882 3372 3941 scholis
3398 3900 3562 3957 paro-

850 3965 1132 4023 chialibus
1152 3969 1423 4041 juventus
1465 3973 1525 4030 in
1555 3974 1711 4031 omni
1740 3976 1964 4050 pietate,
1996 3997 2062 4035 ac
2107 3998 2328 4036 morum
2372 3979 2695 4056 integritate
2738 3974 2885 4036 recte
2927 3978 3265 4036 informetur
3305 3986 3359 4032 et
3401 3973 3564 4031 insti-

853 4069 1065 4115 tuatur.
1147 4062 1352 4126 Qualis
1377 4064 1527 4121 enim
1556 4066 1717 4123 illius
1743 4062 1781 4124 ὁ,
1809 4067 2006 4143 primis
2035 4070 2200 4127 annis
2229 4071 2509 4129 institutio
2541 4072 2731 4138 fuerit,
2762 4073 2901 4128 tales
2935 4070 3183 4128 ecclesiis
3214 4065 3329 4125 Dei
3357 4084 3565 4142 suppe-

851 4148 1190 4209 ditabuntur
1229 4154 1485 4213 ministri.
1568 4155 1926 4235 Quaproptbr
1966 4160 2102 4218 dum
2145 4165 2518 4237 parochorum
2547 4183 2699 4221 curae
2740 4182 2858 4221 suae
2892 4161 3342 4225 commissorum,
3370 4158 3568 4214 visita-

855 4241 1063 4299 tionem
1107 4245 1365 4314 obibunt,
1394 4248 1565 4306 simul
1610 4251 1778 4309 etiam
1804 4252 1875 4310 de
1920 4265 2203 4313 rectorum
2249 4257 2456 4315 scholae
2499 4255 2636 4322 vita,
2681 4255 2952 4321 moribuS,
2995 4251 3270 4316 doctrina,
3314 4270 3380 4307 ac
3425 4249 3570 4323 quid

845 4334 1155 4407 juventuti,
1197 4340 1363 4412 cujus
1403 4342 1724 4401 erudiendae
1764 4365 1961 4402 curam
2001 4358 2227 4423 gerunt,
2270 4367 2586 4424 proponere
2634 4349 2871 4413 soleant,
2912 4338 3216 4420 diligent&
3255 4339 3576 4416 inquirant.
