3882 5037
853 387 1005 459 272
1628 385 2405 468 flppmt‘n--oeonttntntal
2433 384 2807 456 memmenni.
3308 390 3497 464 [Pia-r
3523 393 3570 448 Ι.

938 607 1024 646 ιιι.
1062 590 1266 654 Quivis
1304 590 1363 647 in
1402 610 1506 648 suo
1536 592 1804 650 bunnam
1838 592 2113 666 parochos
2145 591 2254 650 sibi
2290 593 2619 651 commissos
2651 589 2735 650 ter
2768 587 3073 667 quotannis
3111 602 3399 658 convocet,
3429 593 3572 649 inter

856 679 1243 756 Epiphaniam
1286 677 1501 739 scilicet
1542 693 1600 739 et
1651 682 2137 751 Purificationem‚
2184 684 2555 742 Dominicam
2601 683 2831 743 Exaudi
2873 694 2931 741 et
2970 682 3326 750 Trinitatem,
3368 682 3570 741 festum

857 774 1110 848 Remigii
1140 785 1196 831 et
1224 774 1504 832 Omnium
1533 776 1890 841 Sanctorum,
1919 775 2125 833 diebus
2152 787 2210 834 et
2231 777 2373 835 locis
2402 796 2504 853 per
2532 797 2666 834 eum
2691 776 2901 835 electis.

942 884 1018 922 IV.
1063 865 1134 922 In
1188 865 1277 922 his
1330 878 1521 924 autem
1578 864 2076 935 tonbotassonibtts,
2116 881 2248 926 ante
2291 869 2486 925 omnia
2528 863 2737 945 palam,
2779 880 2836 925 et
2877 865 3238 941 intelligibili
3279 884 3436 933 voce,
3479 884 3575 942 per

857 976 1042 1013 unum
1070 977 1141 1014 ex
1173 959 1448 1032 parochis,
1477 979 1652 1033 quem
1678 961 1918 1024 betanus
1947 962 2340 1027 nominaverit,
2368 973 2560 1019 nostra
2596 972 2825 1025 statuta,
2854 959 3269 1035 synodalesque
3302 960 3571 1017 constitu·

856 1049 1036 1105 tiones
1062 1050 1366 1124 leganturz
1411 1061 1469 1106 et
1496 1051 1545 1108 si
1570 1070 1716 1125 quos
1743 1051 1963 1109 abusus
1991 1065 2186 1110 contra
2214 1054 2317 1110 has
2343 1054 2673 1111 commissos
2702 1049 3129 1127 deprehenderit
3154 1050 3413 1116 betanus,
3441 1071 3571 1109 suos

856 1139 1144 1214 parochos,
1179 1154 1403 1216 recepto
1438 1138 1477 1199 ὲ
1512 1144 1761 1220 singulis
1790 1146 2141 1218 juramento,
2175 1145 2355 1204 dictos
2390 1146 2610 1203 abusus
2648 1145 2859 1220 scripto
2892 1137 3136 1201 fideliter
3172 1143 3389 1200 tradere
3426 1164 3570 1201 com—

856 1232 1048 1306 pellet,
1076 1251 1222 1306 quos
1253 1231 1609 1308 postmodum
1645 1258 1782 1295 cum
1815 1238 2120 1297 sufficienti
2153 1238 2543 1305 instructione,
2570 1237 2644 1295 ad
2674 1238 2897 1295 curiam
2931 1246 3182 1294 nostram
3214 1237 3570 1311 corrigendos

855 1323 1072 1380 referat.

937 1432 989 1470 v.
1040 1415 1133 1473 Ad
1172 1418 1498 1478 hunnorum
1541 1420 1711 1478 etiam
1752 1421 2003 1479 officium
2047 1420 2348 1497 pertinent,
2388 1420 2650 1478 omnium
2691 1420 3101 1478 beneficiorum
3144 1420 3236 1477 sui
3278 1422 3569 1481 httanatufi

855 1505 1004 1564 bona
1043 1519 1100 1565 et
1131 1511 1302 1567 o'nera
1338 1531 1694 1587 cognoscere,
1725 1525 1782 1571 et
1822 1514 1872 1570 si
1907 1513 2241 1587 hujusmodi
2281 1512 2553 1571 beneficia
2591 1511 2796 1570 debitis
2831 1532 2948 1569 non
2982 1510 3392 1569 defraudentur
3417 1512 3569 1570 obse·

854 1599 1005 1672 quiis
1039 1602 1380 1675 perquirere,
1405 1624 1479 1661 ne
1515 1599 1780 1662 videlicet
1815 1605 1965 1661 bona
1997 1605 2329 1678 hujusmodi
2364 1623 2467 1680 per
2502 1604 2894 1672 alienationes,
2929 1604 3259 1671 locationes,
3293 1603 3569 1662 similesve

854 1702 1194 1760 contractus,
1222 1705 1326 1750 aut
1355 1708 1637 1752 rectorum
1665 1696 2083 1772 negligentiam
2109 1696 2427 1771 depereant.

934 1801 1013 1840 v1.
1055 1780 1334 1842 Caeteriim
1373 1807 1493 1861 quo
1529 1786 1761 1844 facilius
1798 1806 1999 1846 eorum
2035 1788 2300 1846 notitiam
2335 1788 2581 1845 habeant
2614 1782 2818 1854 ultani,
2851 1786 2913 1844 in
2949 1786 3162 1844 virtute
3197 1799 3407 1845 sanctae
3444 1785 3567 1844 obe-

852 1872 1083 1931 dientiae
1111 1876 1353 1933 subditis
1381 1878 1588 1934 nostris
1619 1879 1998 1956 injungimus,
2029 1874 2310 1954 quateniis
2339 1879 2490 1937 infra
2520 1897 2618 1936 sex
2648 1898 2866 1937 menses
2893 1877 2966 1935 ab
2993 1879 3201 1936 horum
3230 1891 3565 1937 statutorum

855 1964 1258 2039 publicatione,
1291 1969 1538 2043 quisque
1575 1989 1816 2028 suorum
1857 1971 2266 2029 beneficiorum
2303 1981 2497 2037 terras,
2531 1971 2681 2028 bona
2716 1982 2774 2029 et
2810 1970 3079 2037 redditus,
3113 1992 3251 2029 cum
3289 1972 3408 2028 suis
3438 1990 3563 2028 one-

854 2056 1014 2114 ribus
1064 2057 1479 2133 particulariter
1525 2062 1820 2129 describat,
1865 2075 2041 2138 atque
2087 2063 2371 2138 descripta
2418 2064 2541 2120 suis
2582 2059 2807 2125 uetanis
2852 2058 3096 2120 fideliter
3141 2064 3345 2129 tradat,
3386 2058 3563 2122 unani

853 2160 1049 2206 autem
1080 2151 1153 2207 ad
1185 2151 1441 2209 futuram
1478 2154 1558 2211 rei
1595 2155 1926 2213 memoriam
1974 2155 2036 2212 in
2080 2155 2388 2231 registrum
2436 2155 2712 2231 redigant,
2746 2156 2916 2229 cujus
2959 2154 3132 2213 etiam
3174 2156 3563 2214 authenticum

852 2241 1100 2317 singulis
1129 2244 1405 2311 trienniis,
1434 2263 1536 2320 per
1561 2266 1656 2304 eos
1686 2246 2080 2305 renovandum
2106 2247 2181 2304 ad
2209 2267 2314 2305 nos
2345 2248 2747 2305 transmittant.

931 2352 1036 2391 vu.
1079 2332 1272 2398 Quare
1304 2349 1433 2412 post
1468 2338 1570 2395 hac
1602 2340 1800 2397 nullas
1833 2339 2161 2405 locationes,
2191 2338 2478 2397 bonorum
2509 2338 2951 2406 arrendationes‚
2985 2349 3043 2396 et
3077 2359 3279 2396 earum
3316 2339 3563 2398 corrobo-

851 2425 1094 2483 rationes
1114 2428 1237 2485 fieri
1264 2431 1557 2497 volumus,
1587 2432 1742 2488 ultra
1772 2450 1979 2489 novem
2011 2450 2223 2489 annos:
2271 2450 2373 2488 nec
2410 2430 2521 2487 nisi
2555 2430 2737 2505 pretio
2764 2431 2925 2504 justo
2961 2440 3017 2488 et
3052 2430 3173 2488 sine
3211 2431 3427 2498 fraude,
3453 2433 3560 2488 offi-

849 2516 1097 2592 cialique
1125 2531 1319 2577 nostro
1347 2539 1449 2596 per
1476 2524 1895 2581 attestationem
1920 2520 2111 2582 uttan}
2140 2518 2480 2581 sufficienter
2505 2524 2822 2582 constiterit
2857 2524 3158 2581 censitores
3197 2524 3352 2599 ipsos
3382 2523 3561 2598 quoad

849 2608 974 2674 hoc,
997 2610 1386 2682 jurisdictioni
1413 2626 1620 2672 nostrae
1649 2635 1768 2671 sese
1797 2615 2147 2682 submisisse,
2177 2616 2640 2674 condemnatione
2670 2615 2842 2673 etiam
2868 2610 3113 2690 desuper
3142 2616 3464 2673 subsecuta.

929 2719 1056 2757 vm.
1099 2700 1289 2759 Aliter
1319 2699 1455 2761 vero
1496 2705 1670 2762 factas
1703 2708 2141 2773 arrendationes,
2167 2703 2652 2782 quemadmodum
2691 2718 2747 2764 et
2783 2707 3153 2771 venditiones,
3182 2707 3558 2771 alienationes,

848 2790 911 2847 in
933 2792 1326 2867 emphiteosim
1343 2795 1616 2863 dationes,
1633 2798 1743 2855 nisi
1771 2816 1874 2873 pro
1895 2799 2145 2856 evidenti
2165 2799 2419 2857 ecclesiae
2447 2800 2716 2867 utilitate,
2730 2799 2881 2873 juris
2909 2799 3091 2857 forma
3111 2809 3169 2855 et
3188 2799 3559 2857 sollemnitate

849 2884 1103 2949 servatis,
1130 2884 1536 2960 improbamus,
1564 2901 1623 2946 et
1649 2890 1983 2963 hujusmodi
2010 2900 2330 2948 contractus
2360 2887 2635 2967 tanquam
2662 2893 2860 2950 nullos
2888 2902 2945 2948 et
2971 2891 3160 2949 irritos
3196 2891 3558 2949 declaramus.

928 2994 1005 3033 ix.
1050 2976 1239 3034 Nemo
1274 2998 1506 3053 quoque
1543 2983 1906 3041 subditorum
1945 2996 2292 3051 nostrorum,
2320 3004 2455 3041 suos
2488 2985 2711 3042 fructus
2744 2985 2982 3049 elocare,
3011 2994 3069 3039 et
3096 2982 3157 3039 in
3184 3002 3413 3040 censam
3438 2982 3559 3038 dare

849 3067 1175 3142 praetendat,
1218 3069 1330 3127 nisi
1367 3071 1502 3129 viris
1539 3070 1669 3131 vere
1697 3075 2027 3141 Catholicis,
2060 3087 2116 3133 et
2150 3076 2254 3150 qui
2290 3075 2360 3133 de
2394 3077 2507 3134 fide
2542 3077 2711 3133 nullo
2747 3075 2916 3133 modo
2949 3074 3200 3149 suspecti
3240 3075 3384 3132 sint:
3428 3084 3482 3131 et
3513 3071 3556 3128 si

847 3156 988 3217 forte
1029 3172 1157 3236 post
1194 3163 1516 3223 inchoatam
1549 3187 1797 3236 censam,
1832 3162 1871 3226 ὲ
1910 3168 2024 3226 fide
2065 3168 2361 3227 Catholicfi.
2394 3167 2719 3235 defecerint,
2757 3168 2883 3243 ipsa
2921 3170 3091 3225 censa
3126 3167 3274 3241 (qua
3315 3166 3406 3224 via
3441 3162 3557 3220 fieri

845 3254 1076 3329 poterit)
1105 3254 1227 3313 sine
1256 3276 1414 3314 mora
1442 3259 1752 3334 priventur.

927 3365 977 3402 x.
1023 3341 1194 3409 Quod
1218 3346 1267 3405 si
1289 3348 1565 3409 beneficia
1585 3352 1933 3428 possidentes
1956 3371 2194 3410 suorum
2213 3350 2623 3409 beneficiorum
2644 3370 2818 3409 onera
2844 3352 3163 3427 persolvere
3190 3345 3553 3425 neglexerint,

844 3435 1065 3494 fructus
1095 3457 1289 3497 omnes
1318 3440 1719 3501 beneficiorum
1747 3444 2077 3518 hujusmodi
2098 3463 2197 3520 per
2214 3444 2481 3502 natantum
2501 3454 2868 3512 arrestentur,
2884 3438 3060 3501 donee
3080 3442 3150 3500 de
3170 3440 3551 3517 praedictorum

842 3547 1084 3586 onerum
1111 3534 1503 3606 persolutione
1531 3537 1862 3595 constiterit.

923 3640 998 3678 x1.
1045 3623 1207 3680 Bona
1239 3625 1409 3682 etiam
1448 3628 1833 3693 ecclesiarum,
1869 3647 1971 3686 seu
2005 3627 2413 3687 beneficiorum
2452 3649 2555 3706 per
2588 3638 2827 3686 mortem
2863 3628 2957 3686 vel
2993 3625 3428 3703 resignationem
3455 3628 3551 3677 aut

844 3707 990 3772 alias
1017 3715 1362 3781 vacantium,
1391 3716 1490 3772 sed
1501 3725 1575 3774 ‘et
1599 3718 2002 3794 litigiosorum,
2029 3740 2096 3777 ac
2124 3721 2372 3778 aliorum
2401 3741 2649 3798 quorum
2678 3738 3025 3795 possessores
3056 3716 3413 3774 residentiam
3441 3731 3547 3769 non

842 3804 1079 3872 faciunt,
1107 3807 1357 3881 exceptis
1386 3809 1782 3885 privilegiatis,
1810 3812 1914 3886 qui
1941 3813 2013 3870 de
2041 3813 2343 3890 privilegio
2371 3824 2622 3889 tempore
2650 3811 2841 3871 debito
2869 3811 3040 3868 fidem
3068 3810 3250 3867 facere
3278 3816 3546 3869 tenentur,

840 3894 958 3956 imo
989 3918 1188 3956 eorum
1221 3917 1352 3973 quae
1385 3912 1623 3959 rectores
1657 3904 1731 3961 ob
1762 3905 2360 3964 excommunicationis
2386 3906 2738 3971 sententiam,
2765 3905 2857 3961 vel
2885 3902 3256 3961 commissum
3281 3900 3543 3957 delictum

839 3989 1232 4046 administrare
1264 4007 1382 4047 non
1415 4004 1669 4067 possunt,
1703 3996 2079 4070 omniumque
2120 3996 2579 4074 presbyterorum
2619 3995 3078 4070 illegitimorum,
3112 4005 3168 4050 et
3203 3992 3445 4050 aliorum
3476 3987 3543 4044 ab

839 4083 1107 4140 intestato
1146 4083 1562 4150 decedentium,
1600 4083 1777 4143 simili
1817 4097 2030 4144 arroeto
2075 4086 2433 4161 subjicimus,
2466 4082 2690 4149 uetanis
2733 4086 2940 4144 nostris
2983 4081 3130 4144 serio
3170 4085 3540 4158 injungentes,

838 4185 1125 4250 quatenus
1172 4177 1403 4234 nomine
1447 4187 1642 4238 nostro
1689 4176 2022 4250 hujusmodi
2069 4177 2373 4245 beneficiis,
2419 4179 2490 4237 de
2532 4178 2818 4236 fructibus
2863 4177 3191 4241 eorundem,
3238 4176 3297 4232 in
3344 4169 3540 4230 divinis

839 4263 1205 4326 laudabiliter
1236 4267 1515 4327 doeervire
1549 4268 1775 4337 faciant,
1801 4287 1907 4326 nec
1948 4264 2102 4344 priils
2136 4290 2371 4327 manum
2404 4270 2479 4328 ab
2514 4283 2727 4330 arresto
2754 4272 2966 4335 levent,
2996 4264 3173 4345 quam
3200 4265 3459 4325 sciverint
3482 4262 3538 4319 in
