3882 5037
1583 463 2356 547 appmue.—Qtonttnenta1
2383 464 2756 530 worumnus.
3256 467 3442 541 [Puu-
3463 470 3514 526 Ι.

792 478 945 549 286

796 678 1111 738 reverentia
1140 686 1468 742 serventur3
1508 673 1600 730 vel
1635 671 1686 731 si
1709 685 1843 732 ante
1869 671 2312 731 sacratissimum
2337 672 2691 730 eucharistiae
2717 684 3132 732 sacramentum
3170 675 3384 739 lumen.
3411 696 3514 734 seu

792 773 1051 847 ampulla
1097 769 1301 827 ardens
1345 776 1620 824 teneatur.
1706 767 1786 823 Et
1818 765 1868 823 si
1914 765 2166 841 aliquem
2209 763 2493 822 defectum
2541 765 2693 823 circa
2733 764 3040 840 praemissa,
3079 767 3172 823 vel
3212 765 3364 825 circa
3402 768 3516 826 alia

794 862 1083 939 repererit,
1126 859 1458 924 conscribat,
1496 856 1854 932 eundemque
1897 858 2030 933 (pro
2084 876 2189 914 suo
2229 856 2417 933 posse)
2461 856 2799 914 auctoritate
2846 860 3040 915 nostra
3090 857 3239 914 infra
3290 868 3513 915 certum

791 955 1114 1019 terminum,
1144 953 1206 1009 in
1232 951 1488 1010 debitum
1514 950 1792 1017 ordinem,
1820 961 2033 1007 statum
2062 959 2120 1006 et
2149 949 2385 1007 modum
2413 948 2658 1008 reducat.
2742 949 2821 1006 Et
2846 947 2896 1004 si
2923 947 3112 1005 forsan
3147 949 3512 1007 ecclesiarum

791 1057 1204 1123 procuratore&
1233 1064 1332 1102 seu
1358 1042 1461 1100 alii
1486 1042 1817 1117 quicunque
1845 1040 2038 1117 ipsum
2069 1040 2132 1099 in
2159 1040 2461 1118 praemissis
2490 1039 2906 1118 impediverint,
2934 1050 3036 1098 aut
3068 1040 3347 1098 mandatis
3390 1041 3510 1099 suis

790 1140 944 1213 (quae
985 1136 1134 1195 circa
1174 1134 1465 1211 praemissa
1506 1129 1924 1192 rationabiliter
1959 1133 2181 1204 fecerit)
2207 1151 2327 1190 non
2354 1131 2883 1208 obtemperaverint,
2908 1131 3041 1190 illos
3067 1128 3256 1190 statim
3296 1132 3511 1191 vicario

788 1239 987 1287 nostro
1015 1227 1332 1286 denunciet.

867 1342 921 1379 x.
963 1317 1198 1387 Dttaal,
1220 1317 1533 1385 camerarii,
1550 1318 1642 1375 vel
1655 1317 1852 1392 jurati,
1874 1317 1922 1376 si
1938 1318 2000 1376 in
2017 1317 2136 1376 suis
2156 1314 2434 1395 tapltuliss,
2445 1318 2536 1375 vel
2548 1311 2923 1382 betanatibus,
2940 1315 3161 1391 aliquos
3176 1316 3506 1384 sacerdotes,

788 1409 1069 1492 praecipue
1088 1423 1333 1479 curatos,
1349 1412 1421 1469 ad
1438 1411 1856 1478 celebrandum,
1875 1413 1966 1470 vel
1983 1430 2180 1469 curam
2195 1410 2518 1470 animarum
2537 1409 2844 1486 regendam
2860 1403 3047 1466 miniis
3063 1409 3293 1468 idoneos
3313 1410 3506 1485 explo-
3563 1401 3566 1404 ¹

788 1506 1054 1572 raverint,
1070 1506 1296 1562 eosdem
1323 1504 1572 1574 (etiamsi
1600 1504 1760 1580 prius
1791 1503 2025 1561 admissi
2052 1514 2254 1573 essent,
2275 1517 2333 1562 et
2353 1502 2687 1575 examinati)
2714 1522 2751 1559 a
2777 1502 3041 1578 regende,
3060 1503 3150 1560 vel
3170 1502 3507 1561 celebrando

787 1598 1149 1674 suspendant,
1177 1597 1445 1672 ipsosque
1473 1595 1688 1654 vicario
1716 1606 1909 1653 nostro
1936 1596 2059 1653 sine
2085 1600 2245 1653 mora
2270 1596 2651 1663 denuncient;
2692 1615 2828 1653 cum
2854 1589 3019 1670 saepE,
3045 1595 3200 1670 quod
3228 1615 3298 1652 ex
3342 1596 3506 1671 parvi

787 1690 1054 1767 temporis
1070 1689 1328 1747 examine
1347 1709 1465 1747 non
1482 1688 1813 1764 percipitur,
1823 1708 1894 1745 ex
1914 1688 2188 1746 diuturna
2203 1684 2396 1765 postea
2410 1687 2833 1746 conversatione
2850 1681 3097 1764 apertiiis
3115 1698 3507 1764 cognoscatur.

867 1816 945 1853 xx.
988 1790 1228 1861 Bttaat,
1261 1803 1318 1851 et
1362 1792 1674 1860 camerarii,
1715 1792 1778 1849 in
1822 1792 1913 1850 die
1962 1792 2154 1851 Coenae
2197 1794 2454 1862 Domini,
2500 1793 2817 1853 sacerdotes
2864 1792 3098 1850 mittant
3137 1794 3404 1850 honestos
3450 1803 3509 1850 et

786 1886 1057 1944 discretos
1085 1886 1158 1942 ad
1185 1883 1476 1943 ecclesiam
1507 1895 1752 1941 nostram
1781 1885 2178 1954 cathedralem,
2208 1905 2311 1963 pro
2337 1886 2640 1944 chrismate
2668 1888 2759 1945 vel
2788 1888 2916 1944 oleo
2950 1905 3110 1943 sacro
3148 1884 3506 1959 asportando.

785 1978 901 2043 Qui
927 1977 1158 2051 quidem
1185 1976 1265 2034 sic
1296 1977 1454 2034 missi
1482 1976 1597 2034 sint
1626 1978 1783 2045 tales,
1811 1990 1877 2035 ut
1905 1979 2088 2037 sciant
2128 1979 2460 2047 discernere,
2486 1978 2589 2037 ubi
2629 1978 2894 2045 chrisma,
2923 1979 3014 2036 vel
3053 1976 3158 2034 ubi
3197 1977 3391 2033 oleum
3431 1976 3507 2033 sit

786 2069 1192 2145 reponendum,
1220 2069 1310 2126 vel
1352 2089 1525 2144 quam
1570 2065 1751 2136 caute,
1780 2071 1871 2128 vel
1912 2067 2235 2130 reverenter
2274 2072 2334 2129 in
2372 2071 2500 2147 ipsa
2538 2070 2635 2130 via
2667 2072 2894 2147 (utpote
2923 2069 2984 2127 in
3020 2070 3149 2127 loco
3176 2071 3363 2138 sacro)
3389 2065 3506 2124 sint

784 2161 1184 2218 conservanda.
1267 2161 1452 2220 Iidem
1480 2161 1650 2218 etiam
1677 2161 1882 2230 unani,
1913 2165 2004 2222 vel
2030 2163 2343 2230 camerarii,
2372 2164 2509 2220 dum
2551 2162 2880 2237 hujusmodi
2907 2162 3113 2225 oleum,
3143 2160 3233 2217 vel
3261 2158 3504 2215 chrisma

786 2251 925 2328 ipsis
965 2252 1136 2311 fuerit
1176 2265 1560 2328 apportatum,
1605 2255 1943 2331 provideant
1985 2255 2307 2332 diligenter,
2341 2275 2413 2313 ne
2456 2275 2558 2333 per
2586 2254 2873 2320 mulieres,
2899 2264 3003 2311 aut
3041 2253 3217 2309 lai'eos
3257 2249 3360 2307 illa
3400 2268 3502 2326 per

782 2346 1105 2404 tasnatum
1142 2357 1310 2407 suum
1346 2345 1738 2404 distribuenda
1778 2347 2177 2414 transmittant,
2205 2348 2302 2405 sed
2331 2366 2433 2424 per
2471 2348 2786 2406 sacerdotes
2813 2344 3080 2422 providos
3120 2353 3179 2401 et
3216 2343 3501 2411 honestos,

783 2447 954 2511 prout
983 2455 1209 2511 poenam
1239 2437 1585 2514 condignam
1613 2439 1900 2497 voluerint
1925 2439 2155 2498 evitare.

864 2548 965 2586 xn.
1008 2526 1246 2596 Bataui,
1275 2531 1591 2598 camerarii,
1611 2532 1703 2590 vel
1724 2532 1902 2605 jurati
1929 2529 2364 2609 diligentissime
2392 2530 2693 2611 respiciant
2719 2530 2794 2589 ad
2823 2530 3144 2595 monachos,
3162 2527 3256 2585 vel
3283 2526 3500 2594 fratroe,

781 2629 950 2694 atque
991 2621 1282 2688 moniales,
1314 2623 1403 2680 vel
1445 2622 1591 2680 alios
1622 2624 1857 2681 clericos
1896 2636 2199 2699 apostatas,
2226 2636 2282 2683 et
2323 2624 2671 2703 peregrinos,
2700 2623 2763 2680 in
2799 2618 3156 2683 betauatibuss
3182 2618 3301 2676 suis
3340 2618 3498 2677 diva·

783 2722 1020 2785 gantes3
1060 2723 1119 2768 et
1145 2732 1622 2787 quorumcunque
1649 2714 2134 2774 conversationem
2160 2716 2463 2775 habuerint
2491 2725 2829 2792 suspectam,
2846 2714 2991 2781 illos,
3005 2723 3069 2769 ut
3090 2731 3219 2769 mox
3243 2720 3498 2768 nostram

783 2801 1071 2858 dioecesim
1100 2802 1482 2878 egrediantur,
1511 2804 1803 2871 inducant,
1831 2806 1923 2863 vel
1952 2806 2000 2862 si
2027 2826 2170 2883 opus
2197 2808 2290 2873 sit.
2318 2808 2419 2874 eis,
2446 2817 2513 2865 ut
2537 2817 2757 2872 exeant,
2786 2807 3069 2871 mandent,
3099 2814 3272 2878 atque
3304 2803 3498 2879 praeci-

781 2891 976 2968 piant3
1014 2892 1169 2967 quod
1210 2894 1259 2951 si
1301 2893 1360 2951 id
1403 2894 1589 2952 facere
1616 2894 1961 2963 distulerint,
1989 2909 2089 2955 aut
2115 2899 2518 2966 recusaverint,
2546 2899 2676 2958 illos
2702 2899 2774 2957 ad
2803 2919 2907 2957 nos
2936 2895 3334 2961 transmittant,
3362 2915 3497 2953 con-

780 2981 1014 3057 dignam
1044 3002 1268 3059 poenam
1298 2996 1637 3061 recepturos.

860 3092 991 3132 xm.
1033 3076 1106 3132 In
1145 3078 1425 3142 bttanum.
1467 3075 1860 3145 camerarium,
1903 3081 1995 3137 vel
2022 3082 2282 3154 juratum
2323 3081 2519 3140 nullus
2567 3081 2834 3158 eligatur,
2878 3080 2991 3138 nisi
3039 3076 3354 3145 investitus,
3404 3079 3497 3136 vel

781 3163 1140 3224 residentiam
1182 3168 1348 3226 faciat
1388 3170 1778 3246 personalem3
1829 3171 1924 3228 vel
1965 3172 2015 3229 si
2052 3172 2248 3230 animo
2287 3172 2429 3230 alibi
2469 3173 2772 3240 residendi,
2799 3193 2858 3230 se
2884 3192 2985 3249 per
3018 3191 3199 3229 unum
3241 3189 3494 3227 mensem

778 3267 976 3330 praeter
1018 3258 1219 3317 vicarii
1263 3262 1445 3319 nostri
1486 3261 1775 3319 licentiam
1824 3263 2218 3331 absentaverit,
2249 3265 2408 3341 lapso
2448 3264 2656 3322 mensis
2693 3266 2892 3341 spatiO,
2917 3268 3180 3324 betanatu
3218 3259 3490 3336 privetur,

777 3351 1229 3428 camerariusque
1269 3354 1577 3412 confratres
1614 3353 1958 3429 capitulares
1985 3367 2257 3415 convocet
2282 3357 2356 3413 ad
2381 3355 2560 3413 alium
2589 3356 2937 3434 eligendum,
2962 3354 3116 3431 qnod
3156 3354 3205 3410 si
3246 3371 3493 3410 camera-

778 3442 900 3500 rius
925 3442 1109 3503 sacere
1137 3446 1473 3521 neglexerit,
1502 3441 1541 3504 a
1566 3446 1779 3505 divinis
1808 3447 2002 3507 veniet
2028 3449 2472 3526 suspendendus.

2397 3540 2515 3596 CC.
2537 3541 2886 3608 Germanioi,
2911 3539 3078 3597 Tom.
3094 3554 3174 3595 v1.
3203 3553 3300 3611 pp.
3315 3537 3490 3591 4—6.

1621 3770 1837 3828 SECT.
1868 3767 2310 3836 III.—Btotm
2336 3771 2394 3833 of
2418 3769 2651 3833 mrum.

776 3883 1198 3941 lnsmucnons
1253 3901 1361 3940 roa
1416 3902 1529 3940 ‘ma
1582 3880 1992 3939 Govemmawr
2045 3901 2118 3940 or
2166 3903 2278 3942 ‘rna
2329 3885 2583 3942 Drocsss
2631 3903 2701 3941 or
2757 3884 2989 3941 Barxan
3043 3899 3120 3938 av
3172 3898 3361 3938 nasus
3420 3897 3490 3935 or

932 3973 1126 4036 Rutal
1153 3973 1358 4038 Draus
1399 3995 1514 4033 sinn
1557 3970 1862 4050 &bamma
1902 3992 2100 4032 nausa
2141 3976 2549 4035 Cnaxsrornsa
2577 3976 2865 4043 Annasw,
2893 3976 3112 4033 Bianor
3137 3990 3208 4029 or
3235 3972 3488 4036 Bauan,

933 4069 1078 4126 A.D.
1101 4086 1311 4125 ninom.

853 4177 969 4233 UT
996 4177 1199 4241 clerus,
1226 4174 1330 4249 qui
1358 4193 1488 4230 rure
1516 4171 1689 4249 degit,
1717 4168 2067 4231 commodiiis
2096 4174 2236 4250 regi,
2256 4186 2312 4233 et
2339 4175 2402 4232 in
2427 4173 2610 4233 officio
2637 4173 2915 4233 contineri
2944 4171 3136 4250 possit,
3156 4169 3487 4228 universum

770 4269 831 4326 in
858 4270 1025 4345 plura
1052 4264 1296 4343 tupitula
1321 4262 1734 4341 descripsimus,
1762 4265 2076 4340 unicuique
2105 4275 2188 4322 tot
2215 4266 2513 4342 parochias
2539 4287 2668 4324 cum
2690 4264 2956 4323 omnibus
2980 4263 3217 4321 annexis
3237 4261 3492 4321 ecclesiis

771 4362 984 4429 officiis,
1023 4372 1080 4418 et
1119 4358 1408 4418 beneficiis
1453 4355 1846 4424 attribuentes,
1884 4368 2028 4432 quot
2070 4353 2363 4415 commode
2399 4358 2522 4433 regi
2563 4368 2848 4434 poterunt,
2887 4353 3255 4432 capitulorum
3296 4367 3488 4413 autem
