3882 5037
865 479 1016 549 560
1720 468 2337 552 appetita—§totth
2367 468 2735 532 Documenta.
3271 475 3462 548 [PAR-1·
3485 477 3590 536 1v,

869 677 1251 752 possidebant.
1334 675 1412 732 Et
1451 675 1588 732 istas
1626 674 1971 732 monitiones
2009 684 2127 730 tam
2164 671 2225 728 in
2254 672 2496 730 ecclesia
2521 672 2724 730 diebus
2752 672 3072 731 Dominicis
3099 685 3155 730 et
3179 674 3394 732 festivis
3420 696 3594 750 quam

867 769 939 826 ad
976 788 1206 826 crucem
1246 767 1308 824 in
1348 767 1472 825 foro
1512 766 1573 824 in
1611 767 1812 824 diebus
1848 764 2242 822 nundinarum
2278 775 2333 822 et
2373 763 2483 822 fori
2521 765 2602 821 ita
2642 764 2873 840 publice
2902 765 3268 839 proclametis
3293 777 3351 823 et
3379 766 3595 824 faciatis

868 860 1207 939 proclamari
1250 858 1403 933 quod
1445 859 1517 915 ad
1558 877 1757 915 eorum
1797 857 2059 914 notitiam
2102 856 2280 933 possit
2318 856 2705 914 verisimiliter
2746 857 3052 932 pervenire.
3096 866 3153 914 et
3190 858 3593 916 nichilominus

865 952 1003 1028 ipsis
1031 950 1347 1026 RaynaldO.
1390 948 1644 1007 Johanni
1687 959 1744 1004 et
1770 949 1811 1005 J
1815 948 2025 1006 ohanni
2066 958 2124 1005 et
2164 968 2362 1006 eorum
2402 948 2698 1006 attornatis
2739 966 2869 1004 cum
2898 947 3059 1005 vobis
3099 951 3450 1008 occurrerint
3488 969 3593 1007 seu

867 1064 962 1102 eos
991 1043 1250 1101 invenire
1279 1039 1536 1117 poteritis
1565 1039 1837 1097 intimetis
1866 1050 1931 1095 ut
1959 1040 2032 1096 ab
2061 1039 2289 1112 injuriis
2316 1059 2375 1096 se
2404 1049 2716 1115 temperent
2742 1037 3054 1096 antedictis.
3085 1050 3141 1098 et
3167 1061 3344 1097 unam
3370 1041 3442 1099 de
3468 1041 3592 1099 istis

867 1136 1047 1193 literis
1084 1133 1292 1193 nostris
1326 1132 1568 1207 affigatis
1597 1130 1781 1189 valvis
1817 1130 2051 1190 ecclesie
2088 1131 2347 1188 omnium
2387 1132 2572 1189 oculis
2599 1130 3001 1208 publicandam
3026 1142 3083 1188 et
3109 1131 3282 1189 aliam
3307 1131 3463 1208 apud
3490 1151 3592 1190 vos

869 1244 972 1302 pro
1007 1245 1205 1282 earum
1240 1222 1573 1283 executione
1614 1221 1869 1280 facienda
1906 1221 2152 1280 fideliter
2191 1221 2551 1280 conservetis.
2634 1223 2708 1280 In
2743 1222 2914 1295 hujus
2950 1221 3203 1281 mandati
3228 1221 3409 1281 nostri
3436 1224 3589 1281 testi-

871 1317 1130 1374 monium
1184 1314 1448 1390 sigillum
1503 1324 1760 1370 nostrum
1817 1312 2172 1370 autenticum
2224 1312 2583 1389 presentibus
2636 1313 2870 1371 fecimus
2923 1313 3151 1390 apponi.
3252 1316 3473 1372 Datum
3527 1315 3588 1372 in

871 1408 1113 1466 ecclesia
1148 1417 1344 1465 nostra
1382 1403 1723 1463 moraviensi
1771 1404 1883 1462 κιο.
1927 1404 2021 1462 die
2062 1404 2421 1462 Novembris.
2463 1424 2615 1462 anno
2654 1404 2894 1462 Domini
2936 1406 3032 1461 m⁰.
3049 1406 3183 1462 ccc⁰.
3224 1405 3592 1481 nonogesimo

869 1509 1086 1557 octavo,
2459 1495 2551 1552 Ex
2578 1496 2814 1573 Reyistr.
2843 1497 3070 1553 Ilion-av.
3098 1496 3200 1553 ΝΟ.
3223 1496 3349 1554 181.
3379 1514 3435 1573 p.
3454 1498 3590 1553 211.

1655 1645 1774 1713 (ιι.)
1855 1644 2144 1701 Contu-10
2170 1644 2425 1701 Vrcams
2451 1662 2525 1700 ns
2552 1643 2803 1701 Durrus.

949 1756 1277 1813 Willelmus
1304 1765 1406 1812 etc.
1434 1753 1669 1811 domino
1694 1753 1948 1811 Johanni
1979 1754 2249 1829 Hugonis
2268 1757 2467 1813 flotano
2493 1751 2956 1823 Θῇῐίβῐίαηίίεῒίβ
2984 1752 3054 1811 de
3084 1753 3306 1831 Elgyne
3335 1755 3591 1813 salutem.

869 1848 1024 1913 Quia
1050 1857 1381 1924 perpetuam
1411 1844 1680 1903 vicariam
1717 1845 2058 1920 parochialis
2095 1847 2328 1903 ecclesie
2355 1845 2425 1902 de
2456 1846 2667 1903 Duffus
2699 1847 2767 1902 de
2788 1847 2917 1919 jure
2947 1857 3004 1902 et
3030 1845 3101 1903 de
3129 1845 3276 1902 facto
3302 1855 3594 1903 vacantem

869 1956 971 2013 per
1012 1950 1253 1995 mortem
1293 1937 1579 2010 quondam
1620 1935 1837 1993 domini
1878 1936 2160 1993 Johannis
2201 1935 2270 1993 de
2307 1936 2463 1993 Arde
2503 1936 2708 1993 ultimo
2753 1936 2947 1994 vicarii
2988 1936 3240 2010 ejusdem
3280 1935 3593 1994 venerabili

871 2030 996 2087 viro
1032 2029 1309 2103 magistro
1336 2027 1589 2086 Johanni
1624 2027 1694 2086 de
1735 2028 1910 2086 Innes
1951 2028 2222 2086 canonico
2260 2028 2601 2085 moraviensi
2636 2038 2693 2085 et
2720 2028 3092 2103 prebendario
3119 2027 3189 2084 de
3219 2026 3447 2084 Duffus.
3477 2047 3596 2086 non

868 2121 940 2177 ad
984 2121 1452 2196 presentationem
1494 2119 1888 2192 cujuscunque
1930 2119 2157 2195 patroni
2198 2118 2562 2177 ecclesiastici
2599 2120 2690 2176 vel
2730 2119 3012 2176 secularis.
3051 2119 3146 2176 sed
3185 2137 3253 2175 ex
3289 2136 3447 2175 mero
3466 2118 3596 2191 jure

869 2211 1102 2269 ecclesie
1137 2222 1328 2270 nostre
1363 2219 1420 2268 et
1454 2221 1648 2267 nostro
1683 2209 1932 2266 caritatis
1973 2210 2208 2267 intuitu.
2238 2222 2293 2268 et
2327 2210 2466 2284 quia
2503 2229 2605 2285 pro
2632 2210 2870 2268 ecclesia
2897 2222 3086 2267 nostra
3114 2211 3172 2267 in
3201 2211 3595 2286 prosecutione

872 2302 1164 2359 electionis
1217 2311 1406 2359 nostre
1461 2301 1767 2358 instructor
1818 2299 2073 2373 ejusdem
2128 2300 2428 2359 nobiscum
2474 2300 2547 2358 ad
2592 2301 2917 2358 Romanam
2961 2301 3178 2359 curiam
3227 2300 3598 2377 personaliter

870 2394 1170 2451 laboravit.
1191 2391 1540 2452 contulimus
1568 2402 1624 2450 et
1649 2401 1843 2449 tenore
1873 2393 2226 2466 presentium
2254 2392 2592 2450 conserimus
2613 2411 2744 2449 cum
2767 2393 2888 2449 suis
2910 2392 3141 2466 juribus
3161 2402 3216 2450 et
3237 2390 3597 2467 pertinentiis

873 2483 1170 2543 universis.
1217 2485 1524 2561 ipsumque
1565 2502 1664 2560 per
1705 2482 1988 2540 annulum
2038 2494 2298 2542 nostrum
2344 2482 2744 2543 investivimus
2803 2484 3216 2559 presentialiter
3263 2483 3333 2542 de
3380 2484 3593 2542 eadem·

872 2595 1066 2633 curam
1103 2587 1160 2633 et
1196 2574 1743 2634 administrationem
1774 2574 1959 2650 ipsius
1985 2575 2095 2633 sibi
2125 2576 2449 2652 specialiter
2474 2576 2895 2634 committendo.
2977 2576 3159 2633 Vobis
3186 2576 3595 2634 committimus

871 2676 929 2723 et
970 2666 1307 2724 mandamus
1349 2677 1634 2740 quatenus
1674 2666 1863 2741 ipsum
1905 2668 2242 2743 magistrum
2272 2667 2602 2724 Johannem
2642 2667 2703 2723 in
2744 2669 3094 2743 corporalem
3137 2676 3194 2723 et
3234 2667 3439 2724 realem
3468 2685 3594 2741 pos·

871 2756 1178 2813 sessionem
1214 2757 1394 2832 ipsius
1422 2756 1631 2815 vicarie
1669 2777 1801 2813 cum
1833 2758 2196 2833 pertinentiis
2236 2757 2521 2815 inducatis
2545 2769 2600 2816 et
2630 2759 2953 2816 instituatis.
2982 2758 3395 2833 inductumque
3421 2770 3479 2814 et
3507 2758 3593 2815 in-

870 2847 1138 2904 stitutum
1171 2849 1504 2906 auctoritate
1542 2860 1734 2905 nostra
1771 2847 2092 2906 defendatis.
2129 2849 2564 2907 contradictores
2599 2861 2657 2908 et
2693 2850 2928 2908 rebelles
2964 2851 3011 2907 si
3048 2851 3151 2925 qui
3186 2851 3301 2908 sint
3342 2869 3440 2925 per
3465 2869 3594 2906 cen-

872 2956 1061 2994 suram
1098 2938 1534 2996 ecclesiasticam
1572 2939 1761 2995 arcius
1797 2940 2223 3014 compescendo.
2254 2950 2311 2997 et
2346 2940 2408 2997 in
2445 2940 2677 3016 signum
2716 2940 3091 2998 institutionis
3128 2941 3445 3015 traditeque
3482 2940 3595 2997 sibi

873 3028 1242 3103 possessionis
1283 3028 1541 3104 sigillum
1578 3038 1831 3086 vestrum
1875 3031 2237 3106 presentibus
2279 3050 2450 3107 penes
2492 3032 2821 3088 institutum
2864 3034 3205 3090 remansuris
3245 3033 3306 3090 in
3347 3031 3598 3090 secunda

871 3118 1051 3175 cauda
1078 3118 1319 3195 ponatis.
1401 3118 1619 3177 Datum
1662 3121 1769 3178 sub
1810 3121 2006 3196 sigillo
2045 3133 2241 3179 nostro
2282 3122 2343 3179 in
2384 3122 2620 3180 ecclesia
2659 3123 3005 3179 moraviensi
3047 3124 3234 3199 primo
3264 3123 3357 3182 die
3385 3122 3594 3181 mensis

873 3209 1127 3286 Augusti
1181 3229 1332 3268 anno
1372 3210 1611 3269 Domini
1651 3212 1745 3269 m⁰.
1766 3214 1900 3269 ccc⁰.
1937 3213 2305 3290 nonagesimo
2345 3226 2560 3272 octavo.

2472 3304 2564 3362 Ex
2598 3304 2804 3381 Reyisl.
2837 3305 3062 3362 Mor-av.
3091 3304 3191 3361 N0.
3220 3307 3356 3371 252,
3382 3324 3435 3382 p.
3459 3307 3593 3362 327.

1708 3504 1922 3562 SECT.
1952 3502 2345 3568 V.—Blomt
2375 3504 2434 3564 of
2458 3502 2752 3566 manaem.

950 3607 1288 3665 DURING
1317 3609 1410 3665 the
1446 3605 1768 3683 episcopate
1805 3609 1873 3668 of
1889 3610 2108 3685 Bishop
2138 3612 2347 3670 Brown
2375 3612 2554 3682 (AD.
2584 3613 3284 3679 neocosmum-mmm),
3313 3610 3360 3667 it
3387 3610 3436 3667 is
3465 3630 3569 3687 pro

873 3697 1037 3755 bable
1079 3700 1199 3755 that
1238 3695 1392 3757 ruta!
1434 3700 1605 3760 Utens
1645 3699 1863 3757 existed
1905 3700 1968 3757 in
2009 3702 2102 3757 the
2145 3701 2364 3761 diocese
2398 3703 2467 3761 of
2484 3704 2773 3769 Dunkeld,
2802 3723 2866 3759 as
2894 3722 2978 3759 we
3007 3704 3162 3761 learn
3204 3703 3344 3760 from
3375 3702 3594 3778 Bishop

876 3787 1065 3854 Keith‚
1088 3789 1210 3844 that
1236 3795 1272 3819 “
1291 3790 1464 3865 being
1485 3811 1521 3848 a
1537 3811 1671 3867 very
1702 3792 1854 3866 good
1885 3811 2034 3860 man,
2061 3795 2174 3852 and
2200 3814 2236 3851 a
2262 3795 2418 3852 strict
2438 3796 2697 3854 observet·
2718 3794 2788 3853 of
2802 3794 3122 3870 discipline,
3145 3794 3360 3869 Bishop
3380 3793 3595 3851 Brown

875 3878 1137 3954 wrought
1176 3897 1251 3935 no
1292 3881 1460 3937 small
1502 3882 1866 3940 reformation
1908 3883 1970 3940 in
2006 3885 2085 3941 all
2128 3896 2284 3960 parts
2323 3887 2389 3944 of
2417 3887 2505 3944 his
2547 3887 2783 3953 diocese,
2812 3887 2992 3942 which
3026 3885 3093 3941 lze
3120 3885 3452 3942 distr-{buted
3476 3885 3596 3941 into

850 3964 1005 4041 four
1042 3966 1314 4035 brandea,
1356 3972 1454 4026 viz.
1486 3990 1594 4028 one
1637 3972 1697 4028 in
1753 3973 1846 4028 the
1899 3973 2133 4031 borders
2187 3975 2251 4034 of
2282 3976 2462 4035 Athol
2505 3977 2618 4034 and
2660 3976 3027 4041 Drumalbin‚
3068 3975 3303 4032 another
3343 3975 3404 4031 in
3451 3975 3596 4040 Fise.

871 4058 1192 4126 Fotherick‚
1219 4059 1333 4116 and
1373 4060 1685 4127 Strathern,
1727 4065 1819 4120 the
1860 4062 2010 4119 third
2054 4064 2114 4122 in
2142 4066 2368 4142 Augus,
2407 4069 2520 4125 and
2562 4069 2657 4126 the
2698 4067 2890 4125 fourth
2932 4068 2992 4124 in
3030 4067 3123 4123 the
3163 4076 3317 4140 parts
3359 4065 3595 4123 besouth

870 4148 1406 4209 Forth.’'—-Keith's
1440 4151 1752 4229 Cataloyue
1783 4153 1854 4229 by
1883 4153 2135 4221 Russell‚
2162 4175 2216 4232 p.
2245 4159 2338 4213 92.
