3882 5037
840 447 990 519 226
1615 441 2388 523 appenn11.—oontinaenta1
2418 445 2788 508 worumnus.
3297 446 3483 519 [Pam-r
3513 446 3564 502 Ι.

854 698 862 721 ff
922 647 1230 707 Venientes
1274 648 1346 705 ad
1390 649 1690 725 synodum,
1733 651 2030 708 honestam
2075 647 2185 707 sibi
2226 647 2447 725 eligant
2486 648 2826 714 societatem,
2856 647 3094 703 honesta
3132 644 3408 722 hospitia:
3461 643 3566 701 ubi

842 739 1111 817 graviter,
1141 736 1410 806 modeste,
1437 738 1690 817 pacifice,
1719 762 1776 799 se
1816 751 2047 818 gerant:
2105 737 2292 798 sobrie
2335 740 2563 799 vivant:
2624 758 2772 797 vana
2811 735 3115 810 colloquia,
3143 749 3201 795 et
3239 736 3407 801 foeda,
3434 757 3565 793 can·-

843 834 1063 897 tilenaS,
1117 833 1361 898 choreas„
1416 834 1750 900 meretrices»,
1801 843 1859 891 et
1911 843 2169 909 suspecta
2220 831 2412 890 omnia
2460 831 2808 891 devitantes:
2877 821 3061 906 potiiis
3113 828 3462 887 orationibus
3510 837 3569 884 et

835 923 1087 996 jejuniis,
1114 924 1377 998 exemplo
1407 926 1831 1001 Apostolorum,
1866 937 2085 992 vacent,
2110 935 2165 983 et
2191 924 2262 983 de
2290 924 2459 981 rebus
2486 921 2871 981 ecclesiasticis
2899 920 3261 979 meditentur.

926 1015 1141 1082 Curati,
1170 1016 1271 1089 qui
1301 1029 1596 1090 nequeunt
1625 1014 2003 1092 personaliter
2032 1017 2301 1075 interesse
2323 1024 2549 1092 propter
2570 1034 2799 1072 causam
2828 1012 3165 1088 legitimam,
3183 1011 3315 1069 dent
3340 1003 3565 1069 uetant}

844 1106 963 1163 suis
991 1108 1411 1165 excusationem
1440 1129 1608 1166 suam
1637 1109 1697 1167 in
1726 1110 1967 1186 scriptis,
1996 1129 2171 1184 quam
2196 1105 2383 1167 vetant
2412 1107 2576 1165 nobis
2615 1117 2949 1183 praesentare
2979 1104 3324 1162 tenebuntur
3353 1101 3413 1159 in
3442 1101 3567 1176 ipsa

847 1198 1091 1272 synodo:
1132 1194 1274 1255 alias
1295 1212 1653 1258 contumaces
1676 1200 2109 1278 reputabuntur.
2193 1197 2563 1276 Praecipimus
2578 1208 2767 1256 autem
2795 1195 3068 1272 receptori
3090 1213 3327 1253 camerae
3346 1203 3564 1258 nostrae,

849 1300 912 1345 ut
939 1289 1245 1364 diligenter
1268 1292 1461 1368 exigat
1488 1311 1717 1369 poenam
1739 1291 2110 1351 contumaciae
2136 1290 2460 1349 absentium
2489 1288 2768 1356 omnium,
2790 1288 2980 1363 qualis
3006 1288 3067 1344 in
3094 1288 3323 1362 quaque
3352 1284 3566 1362 synodo

849 1380 1132 1438 declarata
1161 1382 1345 1441 fuerit.

846 1490 851 1494 ·
931 1469 1261 1546 Antequam
1289 1470 1427 1532 vero
1468 1496 1527 1533 se
1568 1474 1760 1533 itineri
1790 1474 2161 1541 committant,
2192 1473 2423 1532 visitent
2464 1492 2703 1549 gregem
2745 1491 2934 1538 suum,
2959 1490 3025 1528 ac
3066 1468 3396 1547 dispiciant:
3436 1479 3490 1526 et
3517 1467 3566 1525 si

849 1584 992 1638 quos
1019 1565 1216 1623 morbo
1238 1577 1502 1641 gravatos
1531 1566 1849 1634 habuerint,
1873 1586 1968 1624 eos
1991 1568 2288 1624 hortentur
2309 1565 2380 1622 ad
2400 1564 2815 1639 susceptionem
2843 1573 3336 1620 sacramentorum.
3396 1559 3565 1617 Simi-

850 1652 982 1712 liter
998 1657 1295 1714 hortentur
1311 1656 1579 1715 mulieres
1607 1658 1797 1733 partui
1825 1658 2126 1733 proximas,
2155 1657 2230 1715 ad
2256 1655 2683 1721 confessionem,
2700 1666 2756 1712 et
2777 1665 3191 1712 sacrosanctam
3218 1651 3564 1711 communio-

850 1767 1012 1804 nem:
1055 1767 1126 1804 ne
1155 1747 1290 1823 ipsis
1318 1749 1645 1806 absentibus
1670 1748 1967 1825 contingat
1991 1770 2085 1807 eas
2111 1750 2184 1806 ab
2212 1750 2317 1806 hac
2339 1749 2469 1805 luce
2497 1747 2763 1806 decedere
2785 1748 2999 1823 absque
3025 1746 3144 1804 illis
3172 1745 3543 1803 sacramentis.

932 1834 1100 1904 Quod
1132 1839 1180 1897 si
1221 1835 1512 1898 commode
1554 1860 1670 1899 non
1711 1840 1944 1917 possint,
1972 1841 2313 1920 relinquant
2339 1840 2730 1917 presbyterum
2765 1839 3033 1915 aliquem,
3059 1836 3162 1912 qui
3198 1856 3395 1894 eorum
3422 1835 3566 1894 vices

852 1941 1045 2004 gerat:
1087 1943 1145 1989 et
1173 1930 1342 1989 rebus
1369 1929 1451 1987 ita
1479 1931 1772 1998 ordinatis,
1799 1932 1873 1990 ad
1901 1943 2152 1990 sanctam
2180 1933 2461 2008 synodum
2490 1932 2889 2009 properabunt.

950 2023 1239 2093 (Nomina
1268 2024 1681 2081 Decanatuum
1706 2022 1883 2096 hujus
1910 2025 2182 2082 Dioicesis
2211 2025 2498 2081 Besantin.
2527 2025 2591 2080 in
2619 2042 2756 2097 quos
2785 2028 3068 2097 tanquam
3086 2021 3470 2096 particulares

1669 2116 1948 2173 Dioiceses
1972 2116 2256 2182 dividitur,
2282 2116 2400 2172 haec
2422 2137 2438 2169 .·
2482 2156 2723 2172 .....
2726 2114 2752 2182 )

934 2206 1233 2264 Tenentur
1271 2203 1458 2267 berani
1487 2203 1709 2270 rurales
1749 2207 1808 2266 in
1851 2208 2098 2285 singulis
2136 2206 2363 2283 synodis
2404 2207 2609 2265 referre
2650 2205 2884 2263 nomina
2910 2204 3374 2263 beneficiatorum
3405 2207 3565 2280 (pne-

852 2293 1048 2356 sertim
1076 2300 1429 2369 curatorum)
1461 2319 1580 2357 non
1606 2299 1979 2358 residentium
2008 2300 2069 2358 in
2096 2300 2214 2357 suis
2241 2299 2519 2358 ecclessiis
2546 2298 2983 2376 parochialibus,
3008 2298 3180 2373 idque
3206 2297 3270 2354 in
3297 2295 3535 2373 scriptis.

934 2390 1100 2457 Item,
1130 2391 1362 2448 nomina
1390 2391 2028 2458 excommunicatorum,
2056 2392 2158 2467 qui
2187 2410 2289 2467 per
2310 2412 2524 2449 annum
2553 2402 2608 2449 et
2632 2390 2785 2448 diem
2823 2388 3156 2448 sententiam
3184 2388 3568 2447 excommuni-

853 2479 1091 2539 cationis
1118 2481 1502 2541 sustinuerint.
1588 2483 1754 2551 Ilem,
1791 2483 2025 2542 nomina
2062 2484 2470 2548 adulterorum,
2497 2481 3048 2547 concubinariorum,
3086 2492 3141 2540 et
3178 2480 3564 2539 usurariorum

853 2574 1217 2648 publicorum
1244 2586 1299 2632 et
1327 2575 1771 2633 manifestorum.
1852 2577 2020 2642 Item,
2041 2575 2273 2633 nomina
2293 2574 2703 2641 haereticorum,
2725 2573 3116 2632 conventicula
3136 2571 3568 2638 celebrantium,

853 2684 953 2721 seu
984 2685 1017 2720 a
1043 2664 1333 2722 communi
1371 2666 1792 2724 conversatione
1829 2666 2089 2722 fidelium
2119 2666 2236 2724 vita
2274 2678 2331 2723 et
2370 2665 2622 2724 moribus
2655 2664 3064 2723 dissidentium.
3145 2666 3313 2730 Item,
3339 2663 3570 2721 nomina

852 2755 1271 2829 sortilegorum,
1302 2754 1629 2812 divinorum
1671 2767 1730 2813 et
1771 2765 2122 2833 receptorum
2164 2757 2492 2824 eorundem,
2519 2769 2575 2814 et
2602 2757 3118 2832 blasphematorum
3148 2756 3283 2822 Dei,
3312 2753 3570 2831 Virginis

854 2843 1058 2900 Mariae
1084 2855 1138 2902 et
1165 2855 1501 2902 sanctorum.
1585 2842 1810 2903 Idcirco
1837 2844 2145 2922 diligenter
2173 2848 2377 2906 debent
2416 2849 2533 2906 hoec
2575 2847 2856 2922 inquirere
2893 2842 3011 2905 tam
3049 2848 3110 2904 in
3135 2848 3366 2924 populO,
3392 2842 3570 2921 quam

854 2933 916 2990 in
942 2935 1112 3001 clero,
1137 2947 1191 2993 et
1219 2933 1559 3011 prudenter:
1600 2948 1666 2993 ut
1706 2934 1955 2995 fideliter
1990 2937 2194 2997 referre
2236 2939 2452 3014 possint
2493 2940 2554 2997 in
2596 2940 2824 3015 synodo.
2908 2940 3077 3005 Item,
3115 2938 3318 2996 referre
3346 2938 3568 3003 debent,

853 3024 901 3081 si
928 3025 1031 3100 qui
1057 3025 1119 3083 in
1147 3026 1420 3084 beneficia
1447 3027 1827 3086 ecclesiastica
1852 3029 2067 3105 absque
2095 3031 2367 3089 canonica
2403 3030 2760 3089 institutione
2792 3051 2851 3088 se
2892 3030 3241 3088 intruserint.
3322 3030 3491 3095 Item,
3520 3029 3569 3085 si

852 3117 954 3191 qui
983 3116 1401 3196 incorrigibiles
1428 3119 1642 3177 fuerint
1684 3119 1745 3177 in
1772 3123 1939 3188 cler0,
1968 3133 2069 3179 aut
2111 3122 2300 3179 minus
2341 3120 2530 3180 idonei
2572 3132 2809 3180 rectores
2836 3121 3200 3180 ecclesiarum
3241 3120 3303 3178 in
3341 3123 3567 3180 betanu-

853 3206 1005 3272 tibus
1049 3210 1313 3287 ipsorum.
1397 3214 1563 3278 Item,
1593 3213 1799 3272 referre
1829 3214 2034 3272 debent
2068 3214 2304 3271 nomina
2347 3233 2564 3280 eorum,
2591 3213 2639 3270 si
2680 3214 2782 3289 qui
2824 3213 2955 3280 sint,
2999 3212 3101 3288 qui
3144 3213 3421 3270 beneficia
3462 3211 3569 3269 sub

851 3301 1063 3378 injusto
1104 3302 1270 3361 titulo
1311 3304 1520 3362 habent
1561 3305 1623 3362 in
1666 3307 2081 3365 confidentiam.
2165 3306 2331 3372 Item,
2372 3305 2577 3363 referre
2614 3304 2823 3362 debent
2862 3305 3096 3362 nomina
3135 3305 3438 3370 haeredum,
3468 3302 3569 3378 qui

853 3395 1250 3453 defunctorum
1276 3407 1607 3455 testamenta
1645 3418 1762 3455 non
1799 3398 2124 3474 publicant:
2166 3408 2219 3454 et
2247 3408 2681 3472 exequutorum,
2708 3395 2810 3472 qui
2843 3396 2965 3473 pias
2994 3396 3300 3453 eorundem
3332 3393 3568 3470 disposi-

852 3487 1031 3546 tiones
1058 3507 1173 3545 non
1201 3501 1576 3564 exequuntur.

933 3574 1150 3637 Quarti
1178 3576 1394 3642 rurales
1422 3592 1549 3655 post
1575 3591 1821 3637 nostram
1852 3579 2150 3654 synodum,
2169 3599 2302 3636 cum
2330 3577 2538 3636 curatis
2560 3598 2796 3637 suorum
2821 3582 3187 3639 betanatuum
3210 3584 3571 3653 compareant

852 3668 1145 3726 annuatim
1192 3668 1254 3726 in
1299 3671 1440 3728 locis
1467 3683 1524 3729 et
1569 3671 1770 3728 diebus
1813 3670 2098 3727 consuetis
2144 3670 2218 3726 ab
2264 3670 2502 3744 antiquo
2544 3669 2617 3726 ad
2654 3669 2990 3728 celebranda
3027 3689 3134 3727 sua
3171 3669 3431 3735 concilia,
3468 3686 3570 3724 seu

851 3771 1177 3826 conventus,
1207 3761 1403 3836 ibique
1425 3762 1740 3819 orationem
1769 3779 1867 3837 per
1894 3780 1970 3826 se,
2000 3760 2093 3818 vel
2134 3780 2234 3837 per
2272 3760 2452 3819 alium
2495 3761 2739 3819 habeant
2779 3762 2847 3819 de
2889 3761 3143 3820 moribus
3183 3771 3240 3819 et
3279 3761 3568 3817 honestate

850 3850 1204 3920 clericorum,
1221 3863 1275 3908 et
1303 3863 1518 3910 statuta
1545 3862 1738 3910 nostra
1765 3850 2064 3927 synodalia
2093 3852 2333 3910 recitent
2353 3864 2409 3909 et
2429 3864 2727 3928 exponant,
2744 3854 3006 3914 invocato
3029 3848 3183 3931 prius
3212 3873 3313 3930 per
3338 3851 3569 3908 missam

850 3952 906 3997 et
935 3940 1314 4016 processiones
1343 3943 1573 4001 devotas
1603 3942 1821 4019 Spiritu
1848 3942 2091 4000 Sancto:
2133 3944 2338 4002 deinde
2366 3945 2661 4002 conferant
2687 3966 2820 4003 cum
2862 3946 3069 4004 curatis
3109 3946 3247 4023 ipsis
3286 3946 3357 4003 de
3398 3943 3570 4001 rebus

849 4030 1259 4099 ecclesiasticis,
1290 4028 1456 4111 proiit
1485 4054 1591 4092 suo
1622 4032 1903 4090 incumbit
1926 4034 2127 4102 officio,
2153 4031 2402 4103 honeste,
2432 4033 2687 4113 pacifice,
2713 4048 2772 4095 et
2800 4034 3067 4104 modeste,
3094 4037 3215 4094 sine
3259 4055 3569 4101 murmure,

849 4124 971 4182 sine
1011 4124 1402 4183 contentione:
1456 4136 1514 4183 et
1548 4145 1677 4199 quae
1715 4121 1962 4184 invicem
1997 4127 2361 4194 conferenteS,
2388 4128 2653 4204 expedire
2682 4127 2946 4187 duxerint
2972 4129 3046 4185 ad
3077 4127 3566 4202 tranquillitatem,

846 4214 1185 4283 libertatem,
1217 4215 1722 4292 authoritatemque
1750 4217 2018 4285 ecclesiae,
2042 4218 2146 4276 illa
2173 4217 2231 4275 in
2260 4218 2520 4296 proxima
2547 4220 2761 4295 synodo
2793 4219 3033 4277 referant
3058 4218 3241 4286 nobiS,
3263 4220 3352 4276 vel
3380 4219 3568 4281 verbo,

848 4307 939 4364 vel
967 4307 1194 4382 scripto.
