3882 5037
350 496 483 551 sm.
504 490 628 563 1x.]
1156 481 1799 560 &mange-metm
1827 483 1887 545 of
1911 483 2170 559 &tusu-
2875 485 3030 559 315

409 709 490 746 xx.
528 691 741 747 Omnes
777 706 912 745 vero
953 696 1219 762 pastores,
1258 697 1316 744 et
1359 695 1659 761 praesentes
1697 683 1801 741 alii
1843 683 2172 750 sacerdotes,
2207 684 2282 741 ad
2325 683 2619 743 silentium
2660 694 2717 744 et
2758 694 3034 743 secretum

342 776 542 856 apstuli
568 780 826 838 debitum
853 777 1099 853 obligati
1124 786 1308 843 erunt,
1335 776 1444 833 sub
1472 779 1643 850 poena
1667 775 1984 832 arbitraria.

407 890 508 928 111.
548 866 798 931 ”tranis
827 868 948 925 suis
975 879 1225 944 pastores
1251 877 1308 926 et
1336 865 1530 925 clerici
1557 865 1807 924 debitam
1834 865 2205 923 reverentiam
2233 875 2290 924 et
2310 865 2694 924 obedientiam
2713 867 3034 935 exhibeant,

340 962 400 1018 ad
437 959 728 1037 tupitulum
766 960 954 1018 vocati
985 970 1362 1035 compareant,
1396 968 1498 1016 aut
1537 956 1826 1034 legitimas
1866 976 2000 1014 suas
2035 957 2427 1016 excusationes
2469 958 2715 1026 mittant,
2755 960 2826 1017 de
2861 959 3035 1026 vitiis,

337 1053 613 1120 erroribus,
657 1051 974 1109 defectibus
1024 1062 1081 1110 et
1135 1050 1473 1108 criminibus
1527 1047 1879 1124 interrogati,
1922 1048 2316 1123 respondeant,
2362 1050 2736 1108 correctiones
2789 1046 3035 1109 libenter

338 1145 640 1220 suscipiant,
668 1142 953 1200 mandatis
984 1143 1390 1218 obtemperent,
1417 1140 1805 1201 inobedientes
1839 1159 1907 1197 ac
1941 1139 2198 1207 rebelles,
2224 1160 2368 1214 quos
2403 1141 2478 1199 ad
2503 1161 2609 1199 nos
2635 1142 2841 1200 deferri
2868 1146 3033 1202 volu-

339 1255 463 1300 mus,
489 1235 649 1311 gravi
677 1237 851 1311 poena
878 1253 1318 1311 compescemus.

1823 1323 1939 1380 CC.
1959 1323 2299 1390 Germanias,
2328 1324 2491 1383 Tom.
2516 1343 2591 1382 1x.
2618 1342 2673 1400 p.
2702 1326 3033 1383 513—516.

1151 1635 1364 1694 SEcr.
1394 1631 1828 1698 IX.—Btottst
1856 1634 1915 1695 of
1934 1633 2191 1711 aptaque.

341 1765 596 1824 Anncnss
632 1785 703 1824 os
732 1767 992 1832 Inqumv
1030 1783 1138 1822 roa
1165 1765 1605 1834 Aacunmcons,
1635 1763 1839 1830 Bam
1866 1764 2079 1833 Rutal,
2108 1786 2225 1825 Am>
2264 1784 2460 1825 omna
2485 1767 3035 1827 eunucu-vmnons

403 1876 465 1914 or
489 1874 600 1915 ‘ma
626 1859 882 1916 Dmcmn
908 1876 977 1915 or
1001 1856 1265 1924 Pmoun,
1292 1876 1367 1915 nv
1395 1859 1774 1916 Aacumsnop
1802 1858 2099 1917 Anmouv
2127 1877 2201 1917 ns
2228 1859 2547 1928 Muomm,
2574 1859 2725 1918 A.D.
2754 1877 2965 1918 nnnxv.

436 2040 712 2098 Ani-rmum
738 2040 1224 2105 Aacnmuconoe,
1251 2034 1520 2107 Rttanls,
1546 2059 1619 2098 m·
1645 2058 1894 2098 cmsms
1922 2039 2330 2098 Eocnasnauu
2358 2042 2811 2101 V1srrAronmus
2838 2061 2914 2099 m

886 2125 1035 2187 nauh
1058 2147 1254 2187 nunus
1281 2149 1668 2189 v1s1nr1oms
1694 2150 2081 2190 senosanam
2111 2148 2456 2191 »recessuum

404 2241 967 2301 NOTIFICETUR
1005 2244 1273 2302 omnibus
1302 2255 1507 2302 nostrae
1535 2243 1843 2322 Pragensis
1877 2245 2137 2303 dioecesis
2175 2243 2440 2317 subjectis
2479 2242 2720 2309 clericis,
2746 2243 2900 2316 quod
2929 2262 3033 2300 nos

339 2332 451 2408 ipsi,
486 2335 574 2392 vel
615 2352 716 2409 per
754 2344 981 2392 nostros
1021 2330 1342 2412 specialiter
1380 2335 1681 2411 deputatos
1721 2336 2059 2404 visitatores,
2087 2334 2337 2412 singulis
2375 2335 2544 2392 annis
2571 2335 2745 2392 semel
2772 2334 3033 2411 singulos

335 2435 521 2484 tractus
558 2426 852 2483 visitaturi
893 2445 1109 2492 sumus,
1148 2436 1205 2483 et
1243 2426 1315 2483 de
1353 2427 1901 2495 archidiaconorum,
1945 2437 2003 2485 et
2042 2430 2364 2488 suanorum
2404 2426 2830 2486 visitationibus
2869 2426 3032 2484 factis

333 2513 618 2594 diligenter
645 2518 1002 2593 inquisituri.

291 2612 313 2628 ‘
397 2609 797 2668 Archidiaconi
840 2610 1098 2686 singulas
1140 2629 1273 2667 suas
1318 2610 1617 2685 parochias
1661 2604 1748 2668 bis
1803 2610 1866 2668 in
1908 2630 2080 2678 anno,
2122 2612 2172 2670 si
2214 2612 2276 2670 id
2319 2606 2614 2671 commode
2656 2610 2780 2668 fieri
2832 2621 3032 2689 potest,

333 2700 563 2770 visitent,
589 2703 683 2760 vel
707 2696 747 2758 ᾖ
771 2698 991 2763 bannis
1019 2700 1291 2760 rationem
1318 2701 1665 2762 visitationis
1693 2702 2004 2776 requirant.

399 2788 605 2851 Bttanl
635 2788 721 2850 bis
748 2794 823 2851 ad
851 2793 1041 2849 minus
1068 2792 1132 2850 in
1156 2812 1309 2850 anno
1338 2793 1616 2867 subjectas
1643 2793 1755 2851 sibi
1784 2794 2078 2868 parochias
2105 2794 2352 2853 visitent.

398 2884 815 2953 Archidiaconi,
841 2880 1044 2951 ultani,
1069 2894 1170 2940 aut
1200 2884 1306 2941 alii
1333 2884 1652 2943 visitatores
1679 2886 1923 2943 habeant
1952 2906 2139 2944 secum
2168 2886 2471 2951 notarium,
2497 2885 2600 2959 qui
2627 2884 2821 2943 omnia
2848 2885 3030 2960 singi-

330 2970 484 3040 latim,
510 2996 575 3033 ac
601 2972 866 3034 distincta}
895 2977 957 3034 in
983 2975 1410 3034 visitationibus
1438 2976 1734 3042 describat,
1756 2977 1848 3035 vel
1871 2978 1984 3053 ipsi
2007 2978 2414 3054 interrogando
2442 2977 2677 3053 singula
2696 2977 3031 3034 describant.

402 3067 467 3123 In
494 3067 917 3126 visitationibus
955 3079 1340 3125 convocentur
1374 3069 1438 3125 in
1470 3068 1705 3126 domum
1738 3068 1970 3143 parochi
1995 3070 2094 3126 alii
2126 3069 2449 3145 presbyteri,
2477 3069 2527 3126 si
2554 3078 2704 3134 sunt,
2732 3078 2788 3125 et
2811 3067 3031 3142 aliquot

331 3176 390 3212 ex
427 3158 666 3225 civibus,
707 3160 801 3217 vel
842 3159 1166 3235 oppidanis,
1212 3179 1314 3217 seu
1359 3159 1610 3226 rusticis,
1651 3160 1722 3217 de
1763 3160 1976 3234 quibus
2017 3161 2168 3218 fama
2206 3171 2309 3227 est,
2350 3180 2446 3218 eos
2497 3170 2555 3216 et
2608 3158 2933 3226 catholicos,
2974 3170 3031 3217 et

333 3249 519 3322 probos
544 3251 698 3308 viros
725 3268 862 3307 csse.

402 3340 644 3399 Istorum
682 3340 904 3415 singuli
942 3335 1276 3414 singilatim,
1304 3361 1370 3399 ac
1406 3337 1711 3417 diligenter
1738 3341 2152 3408 examinentur,
2178 3352 2411 3417 accepto
2439 3334 2594 3415 priils
2615 3340 2934 3413 juramento
2961 3339 3031 3398 de

332 3432 543 3489 veritate
570 3432 831 3498 dicenda,
857 3441 912 3488 et
936 3431 1006 3488 de
1035 3432 1339 3498 calumnia,
1368 3432 1441 3489 ad
1468 3433 1622 3506 quod
1651 3434 2034 3509 praestandum
2061 3432 2194 3489 lai’ci
2221 3451 2339 3489 non
2362 3442 2498 3489 sunt
2524 3430 2776 3506 cogendi.

400 3519 651 3581 Primiun
696 3523 768 3580 de
809 3522 934 3597 ipso
978 3523 1241 3597 parocho,
1288 3543 1389 3581 seu
1437 3525 1646 3583 seniori
1685 3526 1891 3599 quovis
1947 3525 2285 3601 presbyter0‚
2329 3518 2635 3597 diligenter
2688 3521 3030 3594 inquiratur,

328 3615 596 3687 quomodo
624 3614 802 3681 vivat,
835 3623 892 3670 et
929 3633 1058 3688 quae
1099 3614 1175 3671 sit
1215 3614 1465 3690 publica,
1490 3615 1560 3674 de
1601 3616 1784 3692 ipsius
1812 3616 1952 3684 vita,
1980 3616 2159 3675 fama:
2203 3614 2488 3689 quomodo
2528 3613 2714 3672 officio
2752 3632 2857 3671 suo
2897 3613 3027 3671 fun-

330 3716 511 3776 gatur:
549 3704 835 3783 imprimis
854 3717 1064 3772 autem,
1081 3726 1156 3763 an
1181 3707 1380 3781 aliqua
1406 3708 1482 3765 sit
1508 3709 1578 3767 de
1606 3729 1673 3766 eo
1694 3709 1961 3767 haereseos
1988 3707 2254 3783 suspicio.
2335 3707 2461 3764 Hac
2490 3706 2687 3764 eadem
2717 3706 2933 3764 ratione
2960 3705 3030 3764 de

331 3795 444 3852 aliis
470 3796 811 3873 presbyteris
840 3795 1181 3872 (singilatim
1209 3801 1422 3869 tamen)
1451 3802 1551 3857 fiat
1580 3800 1890 3873 inquisitio,

402 3886 487 3943 De
511 3885 797 3953 omnibus,
833 3907 962 3962 quae
991 3888 1055 3946 in
1092 3895 1436 3967 unaquaque
1467 3892 1729 3968 parochia
1756 3891 1817 3948 in
1844 3891 2130 3950 visitando
2156 3885 2340 3950 uttan(
2363 3889 2603 3965 egerint,
2631 3889 2769 3947 dent
2798 3889 3028 3964 plenam

335 3976 439 4032 suis
462 3978 873 4037 archidiaconis
900 3979 1375 4041 informationem.
1455 3983 1859 4042 Archidiaconi
1885 3994 2078 4041 autem
2105 3983 2177 4041 de
2204 3981 2471 4039 omnibus
2498 3977 2740 4040 fideliter
2759 3990 2816 4038 et
2837 3976 3028 4037 exacte

336 4066 397 4123 ad
420 4069 769 4128 ordinarium
795 4070 1062 4129 deferant.

409 4159 551 4218 Dent
590 4181 820 4238 operam
860 4162 1145 4238 imprimis
1184 4164 1586 4233 archidiaconi,
1626 4176 1683 4224 et
1720 4163 1924 4234 bttanl,
1965 4175 2032 4222 ut
2069 4164 2132 4223 in
2173 4164 2440 4222 omnibus
2483 4162 2736 4220 ecclesiis
2778 4179 2933 4225 sana,
2974 4167 3029 4216 et

342 4252 622 4311 orthodoxa
644 4254 903 4312 doctrina
929 4253 1273 4322 observetur,
1301 4256 1696 4332 doceaturque.

414 4342 568 4411 Odia,
595 4346 644 4402 si
683 4365 813 4419 quae
853 4357 1006 4412 sunt,
1039 4358 1097 4403 et
1132 4346 1452 4406 inimicitiae
1487 4349 1633 4406 inter
1673 4348 1988 4406 sacerdotes
2027 4347 2273 4421 alicujus
2308 4343 2575 4407 ecclesiae,
2615 4348 3028 4413 componantur
