3882 5037
796 460 947 532 314
1571 452 2340 531 appennis—econamum
2368 453 2736 521 worumnus.
3253 464 3441 537 [PART
3466 467 3513 522 1,

872 677 977 716 vn.
1016 655 1457 715 considentibus
1477 649 1683 713 iterum
1703 654 2084 731 congregatis,
2100 675 2136 712 a
2161 657 2359 714 bnans
2389 668 2753 732 proponetur,
2771 659 2820 717 si
2838 659 2978 733 quid
3006 660 3118 734 ipsi
3148 661 3518 736 singulariter

792 749 1130 807 mandatum
1172 757 1275 805 aut
1316 747 1642 820 injunctum
1683 746 1873 813 fuerit,
1916 766 1982 804 ac
2030 765 2134 824 pro
2179 747 2446 824 temporis
2497 749 2717 809 ratione
2761 753 3117 828 praelegetur,
3163 754 3252 812 vel
3299 753 3516 813 dicetur

790 841 1014 917 aliquid
1043 840 1112 899 de
1139 840 1243 905 his,
1258 858 1390 912 quae
1416 838 1489 896 ad
1520 850 1830 915 pastorum,
1858 839 2232 907 sacerdotum,
2248 851 2351 898 aut
2377 841 2708 901 clericorum
2739 844 2912 902 vitam
2933 854 2991 901 et
3009 843 3190 901 officia
3216 846 3512 922 pertinent.

869 950 999 989 vm.
1041 930 1264 990 Deinde
1282 930 1623 1004 inquiretur,
1652 930 1702 988 si
1727 932 1885 1005 quod
1906 950 2216 1006 gravamen
2242 952 2494 1008 personae
2522 935 2927 1001 ecclesiastiae,
2943 937 3033 995 vel
3061 936 3205 1003 loce,
3222 939 3311 995 vel
3341 939 3511 998 bene-

791 1023 921 1082 ficio
949 1023 1023 1081 sit
1046 1022 1399 1100 impositum,
1428 1024 1523 1081 vel
1550 1022 1624 1080 lis
1650 1023 1849 1097 aliqua
1876 1034 2046 1089 mota,
2075 1024 2227 1082 unde
2254 1025 2578 1101 periculum
2605 1027 2916 1085 timeatur?

875 1134 952 1172 ιιι.
993 1115 1056 1172 Si
1080 1114 1212 1189 quis
1238 1113 1411 1171 istius
1441 1114 1798 1190 regiunculae
1824 1115 2088 1183 clericus,
2104 1117 2194 1174 vel
2222 1116 2394 1174 etiam
2421 1116 2620 1184 lai'cus,
2641 1119 2878 1178 alterius
2906 1119 3160 1194 potentia
3183 1119 3514 1180 innocenter

792 1218 1097 1282 prematur,
1124 1204 1222 1264 cui
1251 1207 1456 1266 merito
1481 1207 1768 1265 auxilium
1795 1207 2094 1266 ferendum
2124 1207 2240 1265 sit?

870 1317 923 1354 x.
967 1298 1031 1355 Si
1058 1297 1122 1355 in
1149 1297 1412 1356 districtu
1451 1299 1743 1376 quispiam
1784 1299 1857 1358 sit
1897 1320 2081 1377 vagus
2121 1311 2177 1358 et
2216 1299 2469 1374 ignotus,
2497 1300 2600 1375 qui
2629 1299 2751 1358 sine
2776 1302 3037 1378 legitima
3074 1303 3431 1365 institutione
3455 1318 3512 1366 et

789 1391 1214 1467 approbatione,
1243 1388 1455 1449 divinis
1484 1402 1542 1450 et
1570 1403 2049 1451 sacramentorum
2076 1391 2554 1451 administrationi
2582 1412 2642 1449 se
2669 1393 2894 1470 ingerat
2912 1395 2940 1449 Ρ

870 1502 949 1540 x1.
989 1483 1053 1540 Si
1077 1481 1367 1559 quispiam
1396 1484 1676 1559 parochus
1707 1494 1811 1541 aut
1837 1484 2181 1550 sacellanus,
2211 1481 2553 1559 particulare
2579 1505 2890 1560 gravamen
2915 1486 3103 1560 quoad
3142 1490 3391 1547 muneris
3418 1490 3509 1547 sui

789 1576 1197 1643 executionem,
1223 1587 1490 1652 expertus
1520 1575 1636 1633 sit?

869 1687 971 1725 ιιι.
1013 1667 1076 1725 Si
1113 1669 1274 1724 ullus
1317 1677 1525 1743 pastor,
1569 1677 1674 1723 aut
1713 1665 2081 1724 beneficiatus
2123 1666 2187 1724 in
2227 1667 2341 1724 ista
2380 1669 2719 1746 regiuncula
2758 1667 2852 1733 sit,
2893 1668 2956 1725 in
2997 1688 3115 1744 quo
3162 1670 3513 1730 desideretur

787 1759 1054 1817 honestas
1081 1757 1373 1825 clericaliS,
1403 1758 1467 1815 in
1496 1758 1631 1825 vita,
1657 1756 1929 1822 moribus,
1960 1756 2182 1824 studiis,
2210 1757 2480 1825 doctrina,
2509 1758 2725 1825 babitu,
2753 1756 2968 1816 familia
2984 1760 3011 1814 ?

868 1868 991 1908 xm.
1032 1850 1095 1907 Si
1121 1849 1184 1907 in
1210 1850 1321 1906 ista
1343 1849 1682 1925 regiuncula
1710 1850 1824 1906 sint
1854 1847 2116 1915 haeretici,
2147 1849 2505 1916 schismatici,
2527 1860 2813 1927 apostatae,
2835 1850 3236 1918 concubinarii,
3253 1848 3509 1928 turpiter,

786 1937 977 2018 impie,
1006 1961 1073 1998 ac
1103 1940 1429 1998 scandalose
1457 1941 1516 1999 in
1546 1941 1789 2016 peccatis
1813 1940 2057 2016 publicis
2088 1939 2358 2008 viventes,
2385 1952 2488 1999 aut
2528 1941 2599 1998 de
2640 1941 2744 2006 bis,
2773 1950 2829 1997 et
2867 1941 2997 1998 aliis
3039 1940 3283 2015 publicis
3322 1941 3509 1999 crimi-

787 2033 961 2090 nibus
988 2031 1236 2109 suspecti
1264 2042 1366 2089 aut
1393 2031 1682 2099 diffamati,
1708 2050 1855 2106 quos
1883 2032 2006 2107 ipse
2033 2030 2340 2108 diligenter
2377 2032 2598 2090 notabit
2634 2051 2699 2088 ac
2737 2031 3083 2098 insinuabit;
3121 2032 3329 2089 horum
3358 2028 3513 2101 verb,

786 2135 889 2182 aut
943 2123 1223 2181 similium
1264 2123 1571 2181 criminum
1621 2123 2041 2190 examinationi,
2089 2123 2446 2190 discussioni,
2492 2135 2594 2180 aut
2632 2122 2985 2189 correctioni,
3031 2123 3118 2181 vel
3161 2123 3510 2181 notabilium

786 2236 977 2273 rerum
1005 2215 1328 2274 definitioni
1353 2212 1539 2276 uttan(
1568 2211 1896 2294 nullatenus
1935 2235 2057 2273 sese
2094 2214 2481 2283 immisceant3
2520 2209 2676 2289 quod
2716 2216 2884 2273 nulla
2923 2214 3064 2290 ipsis
3096 2213 3510 2287 jurisdictionis

783 2319 1064 2383 competat
1090 2307 1415 2374 auctoritas,
1444 2308 1541 2367 sed
1569 2302 1750 2366 solum
1779 2307 2080 2366 ministerii
2108 2318 2163 2365 et
2191 2307 2361 2364 officii
2387 2305 2684 2373 industria,
2712 2317 2768 2363 et
2792 2306 2864 2364 ad
2889 2305 3208 2381 superiores
3233 2306 3450 2364 relatio.

870 2417 985 2457 x1v.
1028 2399 1137 2457 His
1164 2397 1428 2475 peractis,
1453 2401 1691 2461 betanus
1717 2399 1810 2457 vel
1835 2399 2120 2475 praeleget,
2151 2399 2244 2455 vel
2280 2397 2521 2473 praelegi
2551 2396 2774 2454 curabit
2799 2416 2867 2454 ex
2898 2396 3264 2473 synodalibus
3298 2397 3508 2456 consti·

789 2490 1110 2550 tutionibus
1156 2491 1278 2558 illa,
1305 2509 1437 2565 quae
1482 2490 1555 2549 ad
1599 2502 1866 2567 pastores,
1894 2490 2228 2558 sacerdotes,
2256 2509 2321 2547 ac
2369 2507 2571 2546 eorum
2613 2488 2796 2547 officia
2840 2497 3119 2566 spectant3
3173 2498 3230 2547 et
3272 2489 3323 2547 si
3363 2489 3513 2548 inter

788 2582 1099 2657 legendum
1139 2593 1414 2650 occurret,
1455 2582 1525 2640 de
1566 2602 1687 2657 quo
1739 2593 2057 2659 praesentes,
2100 2580 2193 2638 vel
2235 2598 2434 2637 eorum
2476 2579 2732 2654 aliquem
2784 2581 3147 2648 monendum,
3190 2592 3290 2638 aut
3332 2580 3509 2640 insor-

788 2674 1059 2730 mandum
1109 2685 1285 2749 putet,
1313 2673 1372 2730 id
1418 2673 1665 2730 breviter
1705 2683 1763 2731 et
1809 2673 2107 2731 efficaciter
2144 2672 2345 2740 faciet;
2400 2691 2465 2729 ac
2507 2671 2709 2729 deinde
2746 2668 3078 2748 rapitulattz
3119 2672 3367 2730 actiones
3409 2691 3510 2747 per

785 2764 1180 2822 convenientes
1209 2783 1400 2839 preces
1426 2765 1744 2831 concludet,
1773 2766 2194 2842 subjungetque
2221 2764 2534 2823 orationem
2569 2784 2640 2822 ex
2666 2764 2927 2823 Romano
2953 2763 3286 2841 pontificali,
3317 2765 3509 2822 Nulla

787 2861 867 2912 est
894 2856 1157 2921 Domine,
1183 2867 1302 2920 etc„
1332 2874 1462 2929 quae
1501 2855 1744 2912 habetur
1783 2855 1847 2912 in
1887 2856 2238 2914 caeremoniis
2280 2856 2482 2932 synodi
2513 2856 2992 2932 Osnabrugensis,
3036 2855 3172 2912 anni
3212 2854 3505 2912 millesimi

789 2947 1177 3004 sexcentesimi
1204 2945 1473 3020 vigesimi
1500 2945 1657 3002 noni.

865 3055 953 3093 xv.
994 3039 1140 3104 Quae
1176 3038 1237 3095 in
1279 3036 1369 3093 his
1410 3031 1673 3111 tupitullss
1715 3035 2007 3110 proposita
2034 3048 2090 3094 et
2116 3046 2246 3094 acta
2280 3048 2431 3105 sunt,
2457 3037 2800 3096 camerarius
2828 3036 2890 3096 in
2915 3038 3127 3095 librum
3157 3035 3503 3112 peculiarem

785 3128 1005 3195 referet,
1032 3128 1103 3185 ad
1133 3128 1463 3187 memoriam
1488 3138 1544 3185 et
1570 3126 1937 3184 directionem
1966 3127 2358 3185 necessariam.

866 3239 982 3278 xvi.
1026 3220 1099 3277 In
1143 3219 1231 3277 his
1276 3215 1726 3280 tonbmtlonibuss
1770 3215 2192 3293 capitulatibtm,
2233 3230 2300 3276 ut
2342 3220 2601 3296 symbola
2648 3219 2893 3277 fraterna
2933 3230 2989 3277 et
3029 3219 3266 3276 honesta
3296 3217 3502 3275 consti-

783 3320 1035 3377 tuantur,
1078 3313 1387 3387 praesertim
1430 3330 1535 3388 pro
1575 3310 1669 3376 iis,
1698 3309 1800 3385 qui
1842 3311 2041 3387 procul
2081 3310 2361 3385 parochiis
2401 3310 2630 3376 absunt,
2659 3330 2763 3368 nec
2803 3310 2952 3367 intra
2988 3321 3098 3367 tres
3124 3320 3227 3366 aut
3254 3320 3504 3383 quatuor

783 3402 949 3459 horas
974 3402 1212 3460 domum
1241 3423 1405 3460 suam
1433 3401 1755 3478 pertingere
1786 3412 2041 3476 possunt,
2066 3420 2184 3458 non
2213 3400 2439 3459 videtur
2464 3400 2914 3476 improbandum.

867 3514 1007 3552 xvn.
1050 3495 1212 3552 Illud
1238 3505 1430 3552 tamen
1459 3493 1777 3550 cavendum
1804 3502 1903 3559 est,
1934 3513 2006 3550 ne
2032 3491 2364 3565 hujusmodi
2393 3490 2815 3557 conventiones,
2844 3500 2947 3547 aut
2986 3489 3238 3565 prandia,
3268 3490 3329 3548 in
3367 3511 3499 3548 cau·

783 3588 935 3660 pona
976 3587 1065 3643 vel
1105 3585 1432 3651 diversorio,
1461 3584 1558 3643 sed
1599 3584 1661 3641 in
1703 3583 1872 3642 domo
1910 3580 2116 3650 unani,
2144 3593 2246 3641 aut
2285 3581 2523 3639 alterius
2563 3582 2823 3659 pastoris,
2859 3582 2950 3639 vel
2991 3581 3350 3640 ecclesiastici
3389 3581 3501 3639 viri

784 3688 1095 3743 serventur,
1121 3697 1187 3733 ac
1228 3673 1393 3734 valde
1435 3676 1641 3742 sobria,
1665 3676 1973 3743 moderata,
2001 3686 2057 3734 et
2097 3675 2385 3733 succincta
2423 3674 2552 3741 sint,
2594 3694 2696 3732 nec
2735 3674 2893 3731 ullus
2931 3673 3004 3731 ad
3047 3693 3118 3731 ea
3154 3673 3500 3741 admittatur,

783 3766 894 3823 nisi
920 3768 1023 3841 qui
1055 3767 1129 3823 sit
1154 3766 1224 3823 de
1252 3767 1611 3843 congregatis
1639 3763 1885 3840 capituli.

863 3874 1031 3915 xvm.
1075 3857 1269 3930 Hujus
1296 3856 1623 3915 collationis
1651 3866 1935 3931 sumptus,
1966 3856 2222 3914 absentes
2249 3876 2382 3914 cum
2410 3856 2786 3932 praesentibus
2813 3856 2987 3914 simul
3017 3856 3359 3920 tolerabunt,
3379 3866 3434 3912 et
3450 3855 3498 3912 si

780 3946 913 4019 quis
940 3947 1213 4004 notabilis
1240 3966 1496 4004 excessus
1523 3945 1807 4003 admissus
1834 3946 2026 4012 fuerit,
2055 3946 2223 4003 illum
2251 3949 2487 4009 betanus
2514 3946 2682 4004 nobis
2703 3946 3045 4005 denunciare
3067 3947 3368 4013 tenebitur,
3391 3947 3498 4003 sub

785 4041 956 4112 poenfi
980 4036 1299 4095 arbitraria.

863 4147 979 4185 xix.
1021 4127 1115 4184 Ad
1143 4127 1431 4186 vitandam
1460 4121 1594 4185 vero
1631 4126 1966 4187 inanitatem
2001 4150 2066 4186 ac
2099 4130 2547 4205 superfluitatem
2582 4130 2751 4188 otiosi
2779 4128 3066 4195 sermoniS,
3094 4128 3265 4187 initio
3292 4147 3502 4185 mensae

782 4239 939 4277 sacra
964 4220 1150 4286 lectio,
1177 4220 1247 4277 de
1276 4219 1460 4277 officio
1493 4229 1801 4295 pastorum,
1827 4239 1895 4278 ex
1925 4221 2159 4297 probato
2185 4233 2415 4281 auctore
2441 4221 2614 4280 inseri
2643 4221 2867 4297 poterit,
2894 4240 2995 4298 per
3014 4220 3302 4294 juniorem
3335 4220 3500 4278 insti-

780 4310 1001 4368 tutione
1030 4321 1323 4387 pastorem,
1352 4310 1452 4385 qui
1476 4310 1649 4368 etiam
1676 4310 1738 4367 in
1766 4310 2219 4376 mutuationibus
2247 4311 2647 4388 capitularibus
2674 4312 2972 4371 ostiarium
2999 4322 3146 4386 aget.
