3882 5037
772 465 921 535 332
1548 456 2319 536 fflpptnutx.—OEonttnmtal
2348 458 2716 524 Botummts.
3232 464 3419 538 [ΡΑιιτ
3442 467 3489 523 Ι.

853 663 1036 721 Iidem
1077 671 1267 718 autem
1314 656 1504 720 bicarii
1544 660 1805 719 libellum
1846 660 1918 719 de
1959 660 2184 719 casibus
2223 660 2583 719 conscientiae
2622 660 2941 738 apostolicas
2980 662 3099 720 sedi
3128 673 3185 721 et
3211 664 3489 742 episcopis

770 752 1071 812 reservatis
1097 750 1516 827 metropolitani
1543 755 1684 811 cura
1708 753 1994 811 edendum
2027 751 2266 827 reliquis
2295 752 2681 810 sacerdotibus
2711 754 2923 829 legent,
2951 765 3009 811 et
3036 754 3259 831 aliquot
3288 757 3489 835 capita,

768 841 889 903 tiam
929 848 1131 902 harum
1172 842 1660 910 constitutionum,
1688 838 1807 901 tilm
1848 864 2063 911 earum,
2102 864 2232 920 quae
2271 844 2333 901 in
2374 844 2604 921 synodis
2645 844 2976 904 dioecesanis
3015 848 3172 914 fient,
3202 848 3488 924 simulque

768 937 991 1013 aliquid
1018 956 1089 993 ex
1116 936 1353 1011 probata
1380 934 1575 1010 aliqua
1603 940 1828 994 summa
1855 937 1924 995 de
1951 936 2182 994 casibus
2208 934 2568 994 conscientiae
2594 936 2978 1012 explicabunt.

849 1021 1148 1104 Praecipue
1185 1037 1380 1084 autem
1406 1026 1477 1085 de
1508 1029 1969 1102 praesbitemmm
1997 1028 2115 1087 vita
2144 1039 2202 1085 et
2230 1027 2485 1086 moribus
2514 1039 2789 1102 quoerant,
2819 1040 2877 1086 et
2900 1030 3096 1103 quales
3124 1050 3184 1088 se
3211 1030 3272 1088 in
3301 1043 3486 1108 pasto-

770 1120 875 1178 rali
910 1120 1197 1197 praebeant
1236 1122 1408 1177 curat
1451 1130 1508 1176 et
1540 1140 1616 1177 an
1651 1140 1850 1179 eorum
1885 1121 2057 1196 culpfi
2088 1120 2148 1178 in
2176 1120 2414 1178 ecclesia
2442 1120 2672 1180 divinus
2698 1122 2886 1179 cultus
2912 1121 3293 1180 desideretur:
3333 1145 3407 1181 an
3430 1144 3489 1181 re

767 1212 893 1290 ipsa
926 1220 1265 1287 praestentur
1300 1231 1369 1268 ea
1403 1229 1533 1285 quae
1570 1211 1822 1290 episcopi
1848 1213 1943 1270 vel
1981 1211 2085 1269 alii
2121 1232 2319 1271 eorum
2355 1212 2584 1271 nomine
2613 1212 2674 1271 in
2704 1213 3068 1271 ecclesiarum
3098 1214 3491 1273 necessitatem

768 1323 1036 1362 earumve
1063 1303 1477 1379 reparationem
1510 1303 1763 1381 impendi
1783 1303 2085 1378 jusserint:
2127 1323 2201 1361 an
2227 1304 2406 1363 libros
2432 1305 2682 1363 habeant
2708 1324 2854 1379 quos
2883 1307 3196 1381 praesertim
3222 1327 3291 1364 ex
3321 1307 3491 1382 hujus

768 1395 970 1472 synodi
1014 1395 1242 1452 decreto
1295 1394 1500 1453 habere
1553 1396 1789 1454 debent:
1856 1390 2144 1471 quomodo
2199 1396 2617 1453 sanctissimum
2671 1396 3024 1454 eucharistiae
3078 1411 3491 1456 sacramentum

769 1483 920 1546 recte
948 1483 1325 1563 religioseque
1353 1498 1705 1545 asservetur=
1748 1508 1819 1545 an
1850 1488 2109 1563 qualibet
2136 1487 2492 1545 hebdomada
2520 1498 2840 1555 renovetur,
2859 1485 3131 1565 praeterea
3155 1509 3228 1546 an
3256 1510 3338 1556 ea,
3359 1509 3490 1564 quae

767 1579 828 1637 in
865 1579 1049 1637 missae
1088 1578 1365 1637 sacrificio
1402 1577 1759 1646 adhibentur,
1797 1575 1881 1636 uti
1918 1578 2142 1644 calices,
2176 1578 2510 1656 corporalia,
2546 1579 2944 1654 purificatoria,
2971 1599 3258 1658 mappaeve
3294 1582 3489 1639 altaris

768 1691 915 1749 pura
953 1671 1254 1737 mundave,
1282 1688 1347 1725 ac
1389 1668 1646 1726 decentia
1685 1668 1814 1725 sint.
1895 1668 1993 1725 An
2020 1669 2430 1744 baptisterium,
2472 1679 2528 1727 et
2569 1688 2858 1727 sacrorum
2897 1671 3155 1728 oleorum
3184 1691 3319 1729 vasa
3358 1667 3487 1729 tuto

767 1785 835 1822 ac
875 1757 1136 1822 decenter
1174 1771 1544 1820 asserventur.
1625 1761 1723 1817 An
1764 1761 1939 1818 libros
1980 1761 2227 1819 habeant
2266 1762 2701 1840 baptizatorum,
2734 1761 3185 1828 chrismatorum,
3213 1763 3485 1838 conjuga·

768 1865 955 1912 torum
984 1864 1041 1910 et
1065 1863 1421 1910 mortuorum
1449 1861 1506 1910 et
1531 1852 1635 1909 hos
1662 1862 1966 1928 separatos,
1995 1862 2050 1909 et
2076 1852 2352 1911 decentes·

848 1943 945 2002 An
970 1944 1193 2020 reliqua
1217 1944 1278 2002 in
1306 1946 1411 2001 hac
1438 1943 1655 2020 synodo
1683 1943 1903 2000 decreta
1933 1955 2243 2001 serventur.
2327 1945 2419 2003 De
2446 1945 2536 2002 his
2563 1943 2846 2010 omnibus,
2872 1954 2929 2003 et
2954 1943 3002 2000 si
3032 1941 3173 2018 quid
3201 1944 3490 2003 mandarit

768 2032 1133 2113 peculiariter
1168 2036 1484 2113 episcopus,
1511 2036 1694 2111 deque
1719 2035 1865 2102 aliis,
1893 2054 2025 2109 quae
2056 2035 2130 2092 ad
2150 2035 2455 2093 utilitatem
2478 2036 2797 2094 animarum
2824 2035 3073 2113 episcopi
3100 2036 3488 2112 cognitionem

769 2129 1103 2196 desiderant,
1132 2128 1321 2205 ipsum
1351 2147 1450 2205 per
1476 2127 1671 2186 literas
1700 2122 2006 2203 diligenter
2032 2127 2326 2185 certiorem
2356 2127 2580 2185 saciant.

848 2216 1085 2286 Quoties
1125 2220 1186 2276 in
1229 2219 1432 2276 urbem
1459 2218 1730 2284 venerint,
1757 2218 2008 2295 primum
2050 2219 2381 2296 episcopum
2420 2220 2660 2277 adeant=
2704 2219 2889 2294 deque
2930 2238 3127 2278 eorum
3170 2230 3344 2287 statu,
3385 2220 3489 2294 qui

768 2311 879 2370 sibi
906 2310 1191 2369 commissi
1220 2320 1369 2376 sunt,
1396 2330 1528 2368 eum
1556 2305 1815 2368 accurate
1843 2321 2125 2368 moneant.

848 2402 1050 2461 Curati
1065 2398 1202 2460 vero
1228 2401 1596 2476 quicumque,
1619 2400 1823 2476 quavis
1844 2401 2123 2478 dignitate
2143 2401 2370 2476 praediti
2392 2398 2619 2466 ὓίεατίίβ
2637 2403 3036 2480 obtemperent,
3053 2397 3210 2478 quod
3233 2401 3283 2460 si
3304 2401 3489 2478 aliqui

766 2496 839 2554 ad
875 2494 1324 2554 conveniendum
1363 2493 1733 2570 negligentes,
1760 2494 1853 2552 vel
1887 2493 1961 2551 ad
1998 2493 2264 2552 mandata
2299 2496 2608 2554 eorundem
2640 2491 2966 2555 bitatiotum
2994 2494 3324 2571 exequenda
3353 2514 3488 2553 con-

766 2600 1015 2646 tumaces
1045 2586 1272 2651 fuerint,
1301 2585 1548 2662 episcopi
1582 2586 1645 2643 in
1681 2586 1810 2643 illos
1846 2604 1949 2662 pro
1986 2586 2157 2644 modo
2185 2587 2370 2662 culpae
2394 2588 2861 2646 animadvertant.
2943 2588 3026 2646 Hi
3054 2598 3245 2645 autem
3276 2585 3486 2656 blatii,

766 2681 1060 2739 voluntate
1099 2676 1347 2754 episcopi
1388 2677 1460 2735 ab
1501 2678 1686 2735 officio
1726 2676 1975 2735 amoveri
2017 2674 2237 2754 semper
2274 2681 2504 2756 possint,
2537 2701 2603 2738 ac
2644 2680 2693 2737 si
2732 2675 2882 2737 male
2922 2679 2984 2737 id
3018 2678 3485 2748 administrarint,

766 2788 964 2847 poenas
992 2769 1128 2826 dent
1155 2771 1405 2843 ejusdem
1431 2768 1685 2846 episcopi
1706 2769 1943 2843 judicio.

1902 2861 2144 2917 Decreta
2169 2860 2385 2935 Synodi
2413 2861 2677 2920 Provine.
2708 2861 3006 2936 Aquensis,
3033 2880 3127 2938 pp.
3153 2863 3483 2920 122—124.

1957 3136 2293 3211 nussia.

1403 3269 1617 3327 SECT.
1647 3268 2022 3337 1.—wtotaese
2051 3273 2109 3333 of
2131 3271 2414 3344 mustum
2444 3277 2552 3335 sn'o
2579 3273 2838 3351 Έαῐιιᾳα.

870 3383 1292 3441 Insa-nummus
1320 3401 1426 3440 ron
1452 3400 1568 3441 rna
1596 3379 2010 3458 Blagotbeuuit
2037 3405 2107 3444 or
2133 3406 2249 3444 ’rm-3
2273 3387 2530 3447 Dmcasn
2556 3408 2626 3447 οε·
2656 3390 2915 3447 Moscow
2941 3404 3057 3444 Am>
3085 3384 3369 3451 Kaumst

1231 3492 1307 3531 av
1333 3474 1708 3532 Ancnnmnop
1734 3475 1988 3545 Pht-ron,
2011 3479 2488 3547 Mmaoeourm,
2514 3480 2662 3537 Aa).
2690 3495 3003 3537 mnccrnv.

842 3607 880 3644 1.
920 3588 979 3645 A
1018 3586 1437 3664 Blagotbmno'i
1482 3589 1533 3646 is
1577 3609 1614 3646 a
1657 3608 1857 3665 person
1901 3590 2143 3648 selected
2189 3590 2264 3666 by
2305 3589 2591 3668 episcopal
2633 3588 2915 3665 authority
2968 3588 3083 3645 and
3134 3606 3283 3653 care,
3331 3586 3479 3645 from

760 3679 854 3736 the
893 3691 1038 3737 most
1065 3682 1300 3757 worthy,
1329 3682 1422 3739 the
1465 3691 1613 3738 most
1651 3680 1999 3757 intelligent,
2029 3682 2122 3738 the
2161 3690 2311 3739 most
2338 3681 2597 3739 virtuous
2636 3681 2705 3740 of
2734 3683 2829 3738 the
2872 3678 3214 3756 priesthood,
3255 3678 3343 3735 for
3381 3679 3478 3737 the

760 3769 1100 3829 observance
1134 3772 1202 3830 of
1227 3773 1393 3830 order
1425 3771 1540 3828 and
1569 3772 1860 3849 propriety
1886 3771 1950 3830 in
1990 3773 2086 3830 the
2125 3772 2340 3831 church
2377 3772 2447 3829 of
2475 3771 2639 3840 God3
2681 3770 2981 3849 especially
3017 3779 3280 3844 amongst
3319 3769 3480 3828 those

761 3861 887 3918 who
927 3881 1086 3920 serve
1129 3862 1191 3919 in
1231 3862 1449 3919 it—the
1490 3861 1704 3936 priests,
1741 3864 1835 3921 the
1876 3865 2137 3931 deacons‚
2174 3863 2289 3921 and
2328 3864 2491 3922 other
2531 3863 2928 3921 ecclesiastical
2970 3882 3240 3940 persons3
3280 3873 3340 3920 to
3381 3863 3478 3921 tbe

759 3952 1075 4029 advantage
1102 3951 1169 4010 of
1186 3952 1333 4011 their
1360 3951 1911 4021 fellow-Christians,
1939 3956 2054 4013 and
2079 3966 2136 4013 to
2164 3956 2259 4013 the
2286 3955 2452 4032 glory
2478 3953 2545 4013 of
2557 3954 2706 4012 God.

840 4061 903 4099 11.
944 4043 1264 4109 Therefore,
1293 4044 1348 4100 O
1375 4039 1813 4117 wlagotbctmoi,
1840 4044 1887 4104 it
1926 4046 1978 4104 is
2018 4047 2113 4105 the
2154 4048 2296 4123 duty
2336 4045 2402 4103 of
2432 4065 2577 4122 your
2615 4045 2773 4102 office
2811 4043 3116 4121 diligently
3142 4054 3201 4101 to
3239 4042 3479 4101 observe

823 4270 903 4335 (¹)
939 4270 1102 4321 These
1127 4270 1460 4321 Instructions
1484 4284 1567 4321 are
1591 4270 1805 4335 adopted
1828 4270 1897 4334 by
1919 4271 2006 4321 the
2030 4269 2244 4321 Russian
2275 4271 2493 4336 prelatos
2515 4269 2792 4334 generally,
2817 4268 2915 4318 and
2937 4282 3022 4318 are
3044 4265 3250 4332 printed
3282 4264 3362 4313 for
3384 4264 3472 4313 the

759 4346 1002 4397 Church’s
1025 4362 1111 4398 use
1133 4352 1186 4397 at
1206 4350 1292 4398 the
1316 4347 1533 4414 Synodal
1555 4362 1710 4412 press,
1734 4347 1963 4397 Moscow.
