3882 5037
770 446 922 517 296
1525 443 2294 524 appensa-cromnam!
2324 446 2690 510 Rammius.
3218 447 3420 520 [Pin.
3442 449 3490 505 Ι.

854 646 949 705 An
992 647 1108 705 sint
1146 646 1325 721 aliqui
1353 666 1422 704 ex
1450 648 1676 716 curatis,
1707 650 1801 707 vel
1826 648 2183 717 vicecuratis,
2209 650 2477 717 usurarii,
2507 649 2913 726 negociatores,
2937 649 3030 706 vel
3060 666 3362 723 caupones,
3385 655 3492 702 aut

774 739 1098 814 sortilegiis,
1124 739 1591 809 divinationibus,
1619 751 1721 799 aut
1747 742 2146 801 venationibus
2174 744 2549 819 indulgentes-

854 831 947 887 An
976 830 1090 887 sint
1116 830 1178 887 in
1206 831 1488 907 parochiis
1517 833 1766 890 oratoria
1791 834 2114 892 constituta.

854 921 933 977 Et
974 921 1079 995 qui
1120 921 1251 989 sint,
1280 923 1380 998 qui
1413 923 1510 997 jus
1549 926 1898 999 patronatus„
1925 944 2030 983 seu
2071 924 2447 1001 praesentandi
2488 943 2758 1001 personas
2799 922 3033 981 idoneas
3060 921 3134 978 ad
3160 918 3485 995 hujusmodi

774 1013 1036 1079 oratoria,
1066 1033 1167 1071 seu
1192 1014 1311 1071 alia
1338 1014 1715 1073 ecclesiastica
1740 1017 2017 1075 beneficia
2042 1018 2264 1077 habent.

854 1103 950 1160 An
992 1124 1059 1163 eo
1093 1105 1221 1179 jure
1263 1106 1577 1164 secundum
1618 1107 1982 1167 fundationes
2021 1110 2299 1184 ejusmodi
2340 1108 2746 1168 beneficiorum
2785 1105 3040 1183 legitime
3077 1114 3326 1162 utantur.
3410 1103 3492 1159 Et

773 1214 913 1253 num
945 1195 1075 1263 sint,
1102 1197 1203 1272 qui
1232 1198 1560 1271 hujusmodi
1591 1201 1880 1268 beneficia,
1907 1202 2064 1277 quod
2094 1202 2156 1260 in
2182 1202 2263 1261 eis
2289 1213 2391 1270 est,
2421 1202 2779 1279 supprimant
2808 1200 2898 1258 vel
2924 1198 3278 1272 extinguant.

855 1286 951 1343 An
976 1307 1178 1345 eorum
1205 1289 1477 1357 redditus,
1505 1310 1572 1348 ac
1599 1311 1686 1350 res
1712 1303 1768 1350 et
1794 1293 1949 1350 bona
1974 1292 2205 1350 illorum
2235 1304 2534 1370 occupent,
2560 1293 2654 1350 vel
2681 1291 3011 1349 distrahant.

854 1377 949 1434 An
965 1377 1027 1435 in
1051 1398 1248 1436 eorum
1272 1382 1557 1457 parochiis
1584 1382 1782 1457 aliqua
1809 1383 1924 1441 sint
1951 1384 2255 1461 hospitalia
2279 1403 2596 1462 pauperum
2621 1382 2942 1441 constituta.
3025 1380 3105 1438 Et
3128 1401 3204 1438 an
3231 1379 3490 1456 magistri

773 1469 1141 1543 hospitalium
1185 1467 1327 1529 bene
1369 1473 1618 1550 praesint,
1647 1486 1704 1533 et
1742 1475 2022 1534 rationem
2063 1477 2309 1554 singulis
2348 1476 2515 1534 annis
2555 1475 2808 1533 reddant.
2898 1474 2983 1531 Ut
3020 1472 3171 1530 infra
3210 1471 3383 1529 latius
3425 1472 3490 1529 in

772 1559 954 1618 forma
982 1560 1051 1619 de
1080 1562 1476 1639 hospitalibus.

851 1652 950 1709 An
990 1653 1052 1710 in
1097 1673 1296 1712 eorum
1341 1655 1622 1730 parochiis
1657 1657 1893 1732 jejunia,
1929 1658 2277 1717 abstinentia
2313 1681 2349 1717 a
2387 1658 2672 1725 carnibus,
2713 1655 2834 1715 dies
2880 1655 3024 1724 festi,
3068 1653 3381 1730 praesertim
3428 1652 3490 1711 in

772 1744 1031 1819 proxima
1056 1747 1272 1822 synodo
1308 1749 1580 1825 publicati
1624 1761 1682 1808 et
1720 1751 2005 1818 declarati,
2035 1751 2417 1828 processiones
2445 1749 2850 1816 Dominicales,
2877 1758 2935 1806 et
2962 1746 3107 1805 ritus
3131 1744 3492 1804 ecclesiastici

771 1832 878 1893 rite
905 1837 1289 1896 observentur.

850 1928 947 1985 An
977 1929 1084 1986 sub
1112 1949 1313 1988 eorum
1359 1932 1641 2008 parochiis
1685 1932 1913 2010 vigeant
1946 1934 2389 2011 superstitiones,
2428 1933 2720 2000 maleficia,
2758 1929 3137 2008 blasphemiae,
3178 1928 3489 2004 sacrilegia,

772 2021 1001 2095 publica
1040 2021 1309 2097 perjuria,
1343 2022 1641 2091 adulteria,
1670 2036 1888 2102 stupra,
1918 2025 2186 2095 incestus,
2213 2028 2363 2095 odia,
2394 2027 2636 2093 insidiae,
2664 2023 3017 2090 rebelliones,
3047 2041 3240 2088 usura,
3271 2033 3329 2079 et
3357 2041 3487 2080 con-

769 2121 1020 2187 temptus
1046 2113 1434 2173 ecclesiasticae
1452 2116 1878 2189 jurisdictionis.

849 2204 946 2261 An
973 2204 1201 2279 praedia,
1222 2226 1443 2275 census,
1465 2219 1522 2265 et
1538 2208 1671 2282 jura
1698 2208 2066 2267 ecclesiarum
2094 2219 2514 2268 conserventur.
2594 2208 2693 2267 An
2719 2204 3083 2283 campanarii,
3103 2223 3205 2264 seu
3230 2204 3492 2263 custodes

768 2293 1132 2354 ecclesiarum
1160 2297 1271 2355 sibi
1299 2300 1620 2357 concredita
1648 2297 1755 2359 rite
1782 2301 2197 2369 administrent,
2217 2323 2283 2360 ac
2310 2301 2646 2360 custodiant.

764 2395 771 2406 '
849 2385 947 2445 An
993 2389 1220 2447 eosdem
1265 2391 1438 2450 etiam
1483 2394 1843 2461 admoneant,
1885 2404 1954 2451 ut
2001 2393 2273 2469 depositis
2319 2393 2523 2460 barbis,
2566 2393 2630 2451 in
2680 2390 2915 2451 ecclesia
2960 2389 3023 2448 in
3071 2386 3494 2465 superpelliceis

769 2475 1107 2536 ministrent.

848 2570 949 2627 An
991 2573 1241 2647 populus
1282 2575 1596 2634 oblationes
1638 2577 1848 2644 altaris,
1886 2579 2086 2636 saltem
2129 2578 2193 2635 in
2237 2588 2485 2654 quatuor
2525 2576 2682 2636 festis
2729 2573 3159 2651 principalibus,
3198 2572 3272 2629 ad
3313 2572 3492 2628 altare

770 2658 1009 2717 Domini
1051 2662 1323 2731 deferant,
1359 2667 1585 2741 aliaque
1618 2669 1751 2742 jura
1790 2669 2152 2745 parochialia,
2188 2671 2502 2727 secundum
2545 2688 2779 2735 rnorem,
2813 2668 2887 2726 ab
2926 2666 3162 2725 ecclesis
3202 2662 3494 2723 Catholiefl

770 2749 909 2806 olim
936 2764 1245 2827 receptum,
1267 2768 1550 2830 praestent.

851 2840 951 2898 An
994 2843 1311 2918 provisores
1354 2848 1765 2921 parochialium
1795 2849 2161 2908 ecclesiarum
2199 2862 2563 2927 praesumant,
2598 2869 2704 2926 pro
2743 2869 2851 2909 suo
2890 2848 3169 2907 arbitratu
3212 2848 3282 2905 de
3327 2846 3493 2904 rebus

769 2932 1131 2991 ecclesiarum
1159 2935 1438 3005 ordinare,
1462 2941 1554 2997 vel
1582 2939 1899 3016 disponere,
1921 2943 2133 3018 absque
2164 2961 2443 3000 consensu
2474 2942 2566 3000 sui
2600 2941 2845 3018 plebani.
2924 2941 3004 2999 Et
3029 2961 3171 2999 num
3203 2939 3295 2999 illi
3321 2940 3491 2997 ratio-

769 3043 900 3081 nem
927 3024 1015 3082 bis
1043 3026 1105 3083 in
1129 3046 1280 3085 anno
1308 3030 1538 3087 reddere
1566 3042 1837 3090 recusent.

848 3116 947 3175 An
974 3118 1090 3175 sint
1117 3120 1271 3195 apud
1297 3120 1429 3181 illos
1458 3123 1735 3191 monachi,
1756 3144 1855 3182 seu
1878 3125 2154 3184 moniales
2179 3137 2470 3201 apostatas,
2488 3127 2591 3202 qui
2612 3126 2769 3185 falsis
2795 3124 3138 3201 conjugibus
3152 3124 3492 3184 adhaereant,

767 3209 858 3266 vel
885 3210 986 3285 qui
1014 3211 1272 3269 habitum
1302 3213 1597 3290 religionis
1623 3216 1943 3291 abjecerint.

848 3302 947 3359 An
973 3303 1107 3372 sint,
1135 3304 1236 3380 qui
1265 3309 1674 3367 contemnendo
1700 3309 2101 3368 authoritatem
2132 3310 2399 3378 ecclesiae,
2429 3311 2746 3387 rumpendo
2775 3309 3069 3367 vinculum
3097 3307 3272 3384 pacis,
3299 3316 3496 3365 contra

768 3406 1012 3453 mentem
1031 3396 1300 3454 Caesareae
1317 3399 1623 3473 majestatis
1645 3404 1798 3478 (quae
1826 3404 1932 3461 sub
1961 3402 2252 3461 catholicis
2281 3402 2635 3478 principibus
2660 3402 2883 3459 nullam
2908 3400 3271 3459 novationem
3293 3397 3495 3456 veteris

770 3486 1065 3562 religionis
1092 3489 1528 3564 permittendam
1556 3512 1677 3553 esse
1705 3495 2018 3566 mandavit)
2041 3495 2149 3552 sub
2176 3498 2418 3569 utraque
2445 3494 2648 3570 specie,
2670 3512 2826 3551 more
2850 3491 3220 3558 schismatico,
3240 3500 3494 3566 petentes

767 3580 1201 3641 communicent.

849 3672 942 3725 An
959 3682 1210 3737 caveant,
1226 3683 1294 3730 ut
1309 3674 1638 3742 sacerdotes,
1660 3677 1734 3734 ab
1750 3676 2026 3734 haereticis
2046 3686 2405 3743 revertentes,
2423 3696 2540 3735 non
2556 3675 2749 3733 statim
2764 3695 2824 3733 se
2845 3673 3174 3733 ministeriis
3199 3672 3461 3749 ingerant
3480 3691 3497 3740 3

769 3758 1102 3835 priusquam
1117 3762 1231 3820 sint
1248 3765 1515 3831 absoluti,
1529 3767 1779 3825 ecclesiae
1790 3768 2152 3835 reconciliati,
2162 3779 2218 3824 et
2234 3778 2431 3826 contra
2444 3768 2918 3843 irregularitatem
2934 3767 3220 3825 incursam
3232 3763 3494 3822 restituti.

848 3850 944 3907 An
976 3852 1091 3910 sint
1126 3853 1281 3930 apud
1317 3854 1448 3913 illos
1478 3868 1752 3932 apostatae
1792 3858 2074 3928 monachi,
2101 3860 2205 3934 qui
2236 3859 2343 3917 sub
2384 3871 2661 3935 praetextu
2697 3857 3185 3935 dispensationum
3225 3855 3493 3933 apostoli-

769 3961 981 4010 carum,
1027 3955 1174 4011 vota,
1225 3945 1631 4023 religionisque
1685 3970 1804 4008 suae
1861 3950 2142 4017 instituta,
2187 3952 2573 4019 deseruerunt,
2623 3952 3038 4018 contendentes,
3087 3971 3146 4010 se
3205 3949 3494 4008 intrudere

770 4032 1117 4103 ministeriis,
1159 4048 1461 4112 antequam
1505 4038 1954 4115 dispensationes
1996 4061 2199 4100 eorum
2243 4043 2357 4101 sint
2401 4038 2508 4102 rite
2550 4043 2885 4101 examinatae
2928 4052 2984 4098 et
3027 4042 3302 4107 admissae,
3331 4040 3497 4114 juxta

768 4124 992 4184 decreta
1033 4127 1416 4203 provincialia.

848 4218 947 4275 An
976 4221 1225 4294 populus
1254 4220 1312 4277 in
1340 4240 1536 4279 eorum
1567 4223 1848 4299 parochiis
1875 4235 2107 4301 praestet
2135 4244 2194 4283 se
2221 4225 2304 4283 eis
2333 4225 2699 4303 morigerum.
2780 4227 2875 4284 An
2905 4226 3020 4284 sint
3046 4226 3109 4284 in
3137 4225 3375 4301 populo,
3392 4224 3494 4299 qui

767 4309 1011 4368 habeant
1039 4311 1213 4370 libros
1237 4313 1612 4391 contagiosos,
1633 4327 1734 4373 aut
1760 4316 1861 4391 qui
1888 4337 2022 4375 cum
2049 4317 2192 4385 De0,
2215 4319 2440 4386 sanctis,
2465 4329 2521 4376 et
2550 4317 2722 4376 sacris
2741 4319 3019 4392 jooentur.
