3882 5037
842 448 989 521 318
1617 443 2398 522 ffippmbtx.—OEontiutntal
2428 443 2796 508 worumnus.
3310 448 3501 520 [Pam-
3521 451 3569 506 I.

840 649 1177 727 promoveri.
1259 647 1407 703 Item
1434 646 1574 720 quia
1609 664 1756 721 saepe
1782 646 2067 723 contingit
2093 665 2183 704 res
2211 658 2268 704 et
2293 646 2445 704 bona
2473 646 2865 705 decedentium
2902 647 3256 706 sacerdotum
3285 649 3569 725 dissipari,

838 754 1147 818 antequam
1193 748 1347 797 certa
1371 738 1443 795 ad
1486 757 1589 795 nos
1632 738 1702 796 de
1728 759 1926 797 eorum
1955 738 2117 796 obitu
2149 748 2334 814 potest
2359 738 2623 796 devenire
2650 737 2889 806 notitia;
2943 750 3242 814 eapropter
3282 740 3566 798 universis

840 842 895 891 et
950 832 1155 908 sig-ulis
1210 827 1429 892 betunia
1484 840 1692 887 nostrae
1746 830 2007 888 dioecesis
2061 829 2490 896 committimus,
2539 828 2734 902 eisque
2792 828 2901 887 sub
2954 831 3568 890 excommunicationis

839 928 1008 1000 poend
1047 922 1413 979 mandamus:
1470 916 1748 997 quatenus
1785 923 1993 988 statim,
2024 933 2326 998 postquam
2368 921 2438 978 de
2481 919 2727 994 alicujus
2772 922 3077 979 sacerdotis
3119 923 3283 980 obitu
3316 924 3399 981 eis
3435 943 3569 980 con-

838 1015 1063 1081 stiterit,
1093 1013 1438 1072 authoritate
1463 1018 1657 1071 nostra
1684 1014 1877 1072 omnia
1898 1014 2049 1071 bona
2076 1013 2317 1071 mobilia
2339 1023 2395 1072 et
2417 1011 2756 1079 immobilia,
2773 1013 2894 1073 sive
2920 1013 3213 1091 contingat
3239 1015 3566 1088 hujusmodi

839 1106 1150 1164 sacerdotes
1179 1116 1428 1172 testatos,
1458 1105 1579 1163 sive
1606 1106 1900 1163 intestatos
1928 1105 2211 1172 decedere,
2236 1106 2346 1163 sub
2373 1105 2755 1162 ecclesiastico
2783 1117 2999 1181 ponant
3023 1117 3268 1164 arresto:
3332 1125 3436 1182 per
3463 1106 3568 1164 hoc

838 1199 991 1255 enim
1028 1197 1380 1255 intendimus
1414 1198 1648 1254 ultimas
1684 1199 2010 1255 voluntates
2041 1197 2441 1255 decedentium
2473 1197 2809 1255 clericorum
2857 1192 3161 1271 (quatenus
3209 1194 3398 1256 debite
3441 1219 3566 1256 exe·

838 1292 1117 1365 quantur)
1146 1299 1529 1356 manutenere,
1555 1299 1611 1346 et
1637 1289 2008 1346 ecclesiarum
2037 1288 2424 1348 commoditati
2450 1288 2763 1366 providere.
2846 1289 2926 1347 Et
2952 1309 3024 1347 ne
3048 1291 3340 1348 invasores
3367 1291 3567 1364 hujus·

841 1380 996 1438 modi
1041 1399 1248 1446 rerum,
1282 1390 1556 1455 tanquam
1605 1381 1887 1458 sacrilegi,
1933 1379 2206 1457 impuniti
2246 1380 2522 1448 evadant;
2589 1399 2684 1438 eos
2706 1400 2900 1439 omnes
2947 1391 3004 1437 et
3050 1383 3314 1458 singulos
3356 1385 3566 1439 arraeta

841 1472 1172 1545 hujusmodi
1199 1472 1492 1540 violante8‚
1514 1492 1583 1530 ex
1612 1493 1785 1538 nunc,
1812 1482 1984 1549 prout
2019 1492 2089 1530 ex
2127 1482 2267 1529 tunc
2304 1470 2642 1529 sententiam
2679 1473 3280 1531 excommunicationis
3314 1474 3565 1533 incidere

838 1567 1111 1622 volumus
1146 1564 1272 1639 ipso
1313 1563 1478 1629 facto,
1507 1584 1682 1639 quam
1732 1564 1904 1622 etiam
1944 1563 2005 1621 in
2042 1574 2239 1622 contra
2285 1563 2553 1622 facientes
2593 1564 2829 1622 ferimus
2862 1564 2922 1622 in
2963 1565 3052 1622 his
3088 1565 3330 1640 scriptis,
3368 1560 3406 1621 ὲ,
3446 1586 3568 1641 qua

837 1657 1061 1714 absolvi
1096 1676 1213 1713 non
1249 1656 1483 1730 possint,
1520 1654 1634 1712 nisi
1672 1654 2027 1713 restitutione
2063 1655 2366 1713 sufficienti
2399 1656 2564 1722 facta,
2602 1666 2658 1712 et
2698 1655 2768 1713 de
2809 1656 3040 1714 licentia
3083 1659 3278 1714 nostra
3314 1656 3564 1732 speciali.

841 1748 1178 1805 Mandantes
1219 1747 1389 1804 etiam
1431 1748 1623 1805 taliter
1662 1747 2180 1806 excommunicatos
2223 1744 2455 1823 publice
2484 1747 2831 1815 denunciari,
2858 1749 3035 1806 donec
3064 1748 3373 1806 meruerint
3399 1749 3565 1807 abso-

837 1838 1077 1896 lutionis
1106 1838 1450 1896 beneficium
1477 1837 1749 1897 obtinere.
1832 1835 2050 1898 &aaut
2090 1834 2239 1907 νει-ὸ,
2266 1840 2372 1913 qui
2414 1839 2476 1897 in
2508 1839 2816 1916 praemissis
2850 1841 3211 1916 negligentes
3252 1839 3564 1906 extiterint,

838 1924 877 1985 a
905 1929 1068 1986 nobis
1097 1929 1373 2004 impuniti
1399 1950 1515 1988 non
1542 1930 1799 1988 evadent.

921 2020 1001 2076 Et
1030 2014 1325 2095 postremo,
1353 2020 1629 2095 quoniam
1664 2021 1931 2078 nonnulli
1974 2032 2251 2096 praetextu
2287 2021 2583 2079 literarum
2614 2022 3070 2098 apostolicarum,
3108 2041 3253 2096 quas
3293 2042 3353 2080 se
3385 2023 3564 2099 impe·

840 2124 1012 2170 trasse
1053 2112 1418 2178 mentiunter,
1449 2113 1821 2170 ecclesiastica
1865 2113 2137 2171 beneficia
2182 2132 2284 2189 pro
2327 2124 2579 2190 tempore
2621 2113 2895 2180 vacantia,
2932 2114 3104 2171 etiam
3143 2134 3564 2190 nonnunquam

840 2204 1313 2279 incompatibilia,
1333 2204 1456 2262 sine
1490 2204 1923 2280 dispensatione,
1945 2203 2178 2280 propria
2207 2205 2558 2271 auctoritate,
2580 2224 2683 2261 seu
2717 2198 2903 2263 verilis
2937 2207 3263 2273 temeritate,
3285 2227 3564 2284 occupare

840 2306 1192 2374 praesumunt
1222 2295 1284 2354 in
1319 2294 1642 2354 animarum
1678 2317 1912 2354 suarum
1944 2316 2118 2372 grave
2160 2296 2509 2372 periculum=
2549 2297 2655 2354 alii
2683 2315 2815 2355 vero
2845 2297 3077 2365 vicario,
3106 2319 3204 2356 seu
3248 2300 3565 2374 provisorio

837 2389 1086 2456 nomine,
1112 2409 1233 2446 non
1270 2388 1501 2447 obtenta
1533 2384 1573 2446 ὃ.
1611 2391 1779 2448 nobis
1805 2390 2126 2448 animarum
2169 2392 2323 2456 cura,
2349 2389 2611 2447 ecclesias
2653 2400 2895 2464 regunt3
2936 2411 3039 2448 nos
3075 2393 3325 2449 volentes
3367 2392 3564 2466 hujus·

836 2479 993 2538 modi
1034 2480 1303 2557 periculis
1344 2483 1670 2541 animarum
1710 2481 1957 2549 obviare,
1989 2482 2292 2540 statuimus
2327 2492 2383 2540 et
2418 2481 2767 2549 ordinamus,
2797 2492 2864 2540 ut
2900 2483 3144 2559 quilibet
3173 2486 3433 2551 hunnus,
3464 2506 3563 2544 seu

833 2575 1025 2631 locum
1058 2575 1179 2647 ejus
1211 2585 1425 2640 tenens,
1454 2574 1517 2632 in
1555 2576 1816 2650 proxima
1850 2576 2199 2634 confratrum
2236 2575 2658 2641 convocatione,
2686 2586 2816 2651 post
2846 2575 3286 2650 publicationem
3317 2595 3561 2652 praesen-

835 2664 999 2731 tium,
1038 2683 1234 2722 omnes
1277 2687 1410 2726 suos
1458 2667 1780 2733 confratres,
1823 2678 2167 2741 caetorosque
2220 2666 2567 2742 presbyteros
2610 2669 2907 2724 saeculares
2951 2678 3008 2725 et
3052 2668 3371 2743 religiosos,
3412 2668 3565 2726 infra

833 2775 1004 2812 suum
1041 2760 1381 2825 humatum,
1411 2759 1683 2816 beneficia
1723 2759 2105 2817 ecclesiastica
2139 2758 2528 2825 inofficiantes,
2565 2757 2635 2816 de
2670 2776 2915 2832 quorum
2953 2758 3158 2824 titulis,
3187 2759 3562 2825 investituris,

831 2847 1369 2923 dispensationibus,
1415 2861 1472 2909 et
1515 2850 1839 2908 animarum
1885 2854 2023 2907 cura
2075 2849 2187 2907 sibi
2233 2869 2351 2906 non
2397 2858 2629 2915 constat,
2668 2849 2741 2906 ad
2784 2848 3197 2908 ostendendum
3250 2846 3562 2924 respective

832 2938 1209 3007 investituras,
1234 2941 1448 3007 titulos,
1470 2939 1935 3014 dispensationes,
1960 2953 2016 2999 et
2049 2961 2199 2998 curae
2235 2940 2556 2997 animarum
2589 2940 3026 3007 commissiones,
3052 2939 3200 2997 infra
3231 2941 3562 3014 quindecim

832 3030 1053 3089 dierum
1081 3032 1346 3108 spatium,
1374 3031 1482 3090 sub
1500 3032 1684 3110 'poena
1712 3033 2103 3110 suspensionis
2134 3028 2173 3089 ὲ
2202 3033 2437 3100 divinis,
2463 3032 2793 3091 auctoritate
2822 3036 3015 3091 nostra
3045 3032 3316 3106 requirat,
3342 3042 3399 3090 et
3432 3043 3563 3108 post

829 3122 1056 3198 lapsum
1086 3124 1414 3197 hujusmodi
1447 3124 1676 3182 termini
1713 3125 1971 3191 rebelles,
2000 3126 2120 3183 sive
2155 3133 2529 3191 contumaces,
2559 3142 2860 3201 suspensos
2887 3124 2950 3181 in
2977 3123 3202 3199 scriptis
3242 3122 3559 3189 denuntiet,

830 3234 896 3271 ac
922 3213 992 3271 de
1021 3225 1223 3273 caetero
1256 3217 1489 3273 nullum
1520 3215 1595 3273 ad
1626 3216 2054 3274 inofficiandum
2089 3215 2327 3290 aliquod
2362 3216 2705 3274 beneficium
2730 3215 2793 3272 in
2821 3233 2927 3273 suo
2957 3218 3238 3275 betaustu.
3263 3213 3375 3271 nisi
3402 3208 3562 3291 prius

829 3305 968 3363 visis
1014 3306 1196 3365 literis
1243 3307 1611 3376 investiturae,
1643 3330 1809 3377 curte,
1847 3329 1952 3367 seu
1994 3308 2428 3386 dispensationis
2466 3309 2811 3383 hujusmodi,
2843 3308 3047 3384 quovis
3086 3308 3326 3382 quaesito
3369 3310 3562 3366 colore

827 3397 1104 3456 admittat.
1186 3400 1354 3465 Quod
1392 3402 1442 3458 si
1477 3404 1716 3464 brunus
1756 3400 2087 3478 quempiam
2126 3400 2317 3459 literas
2360 3422 2508 3466 suas,
2542 3411 2609 3457 ut
2646 3400 2957 3476 praefertur,
2988 3419 3105 3457 non
3145 3398 3560 3472 ostendentem,

828 3488 891 3546 in
922 3490 1200 3569 regimine
1226 3493 1593 3552 ecclesiastici
1637 3493 1898 3553 beneficii
1940 3488 2182 3551 scienter
2209 3503 2265 3550 et
2292 3490 2576 3551 malitiose
2605 3495 2843 3550 tolerare
2871 3491 3313 3568 praesumpserit,
3342 3490 3559 3565 ipsum,

827 3588 895 3635 ut
936 3576 1115 3656 supra
1152 3594 1433 3651 narratur,
1462 3606 1580 3644 non
1620 3585 2033 3661 suspendendO,
2064 3604 2136 3641 ex
2179 3594 2318 3641 tunc
2361 3584 2691 3659 quindecim
2730 3583 2934 3641 diebus
2975 3578 3013 3639 a
3050 3592 3303 3657 tempore
3331 3582 3559 3639 notitiae

828 3671 1054 3745 elapsis,
1082 3676 1320 3736 betarum
1360 3675 1484 3750 ipse
1525 3675 1916 3751 suspensionis
1944 3676 2281 3733 sententiam
2323 3674 2578 3732 incurrat
2616 3674 2744 3749 ipso
2786 3674 2947 3731 facto.
3029 3673 3119 3730 Sit
3145 3681 3338 3729 autem
3366 3670 3555 3729 forma

827 3763 1235 3837 suspensionis,
1278 3785 1455 3840 quam
1497 3763 1683 3825 butant
1732 3766 1797 3823 in
1853 3766 2079 3843 scriptis
2128 3766 2328 3834 ferant,
2376 3766 2495 3823 haec
2541 3765 2809 3824 videlicet
2830 3766 3082 3832 z—Quia
3130 3770 3196 3821 tu
3237 3764 3339 3820 sub
3375 3759 3560 3837 poena

826 3857 1206 3928 suspensionis
1256 3859 1525 3923 monitus,
1568 3863 1637 3915 ut
1689 3858 1922 3915 titulum
1977 3858 2064 3914 tm·
2114 3857 2375 3933 beneficii,
2429 3857 2518 3914 vel
2582 3859 2779 3924 simile,
2835 3850 3144 3913 secunditm
3210 3855 3558 3931 eoeiyentiam

825 3946 1131 4002 ostenderes
1172 3944 1341 4023 infra
1387 3948 1706 4022 quindecim
1748 3950 1978 4007 dierum
2019 3954 2275 4025 spatium
2289 3971 2310 4016 ,·
2380 3946 2713 4021 hujusmodi
2764 3950 3043 4007 mandato
3094 3966 3214 4004 non
3261 3947 3524 4022 paruisti
3539 3966 3561 3999 .-

824 4035 1029 4093 idcirco
1057 4040 1392 4096 auctoritate
1418 4040 1560 4097 mihi
1588 4043 1907 4108 commissa,
1936 4048 1988 4100 te
2014 4042 2078 4098 in
2105 4043 2189 4099 his
2218 4043 2442 4117 scriptis
2481 4034 2521 4097 ἃ
2558 4041 2761 4098 divinis
2801 4041 3096 4115 suspendo,
3124 4043 3179 4096 et
3213 4057 3557 4115 suspensum

824 4127 1095 4187 denuntio
1121 4132 1185 4188 in
1211 4133 1440 4189 nomine
1472 4133 1685 4201 Patris,
1711 4138 1765 4190 et
1789 4133 1946 4202 Filii,
1979 4139 2034 4191 et
2059 4132 2317 4211 Spiritus
2350 4133 2564 4190 Sancti.

2397 4226 2510 4282 CC.
2544 4226 2892 4292 Germanice,
2922 4225 3086 4284 Tom.
3105 4241 3187 4281 v1.
3215 4241 3312 4299 pp.
3336 4222 3432 4287 82,
3457 4223 3555 4278 83.
