3882 5037
816 465 966 536 266
1591 463 2361 541 ssantiz—Condacum!
2388 464 2758 531 Bommaents.
3270 468 3460 542 [PAnT
3483 471 3535 527 Ι.

815 675 872 720 et
899 674 1144 738 pastores
1170 661 1291 719 sine
1319 664 1446 720 ullo
1477 675 1718 736 qumtu,
1747 658 1883 722 ditm
1911 674 1968 721 et
1993 660 2224 739 quando
2267 662 2525 739 requisiti
2562 664 2775 722 fuerint
2806 663 3214 742 indulgentias,
3246 667 3337 723 vel
3366 667 3534 742 spiri-

815 756 998 813 tuales
1039 754 1252 831 gratias
1294 755 1642 830 hujusmodi,
1675 750 1713 813 a
1753 756 1920 814 nobis
1961 751 2295 814 litteratorie
2336 755 2628 822 admissas,
2662 757 3019 832 parochianis
3059 757 3180 815 suis
3220 758 3532 833 publicent,

814 865 1020 921 eosque
1056 845 1397 904 admoneant
1430 847 1502 904 ad
1545 847 1981 923 promerendum
2016 849 2257 915 easdem,
2284 860 2456 923 atque
2491 859 2625 907 vota
2660 850 2913 924 praestita
2938 851 3032 909 vel
3062 850 3381 925 praestanda
3408 852 3534 909 Deo

814 938 1132 1011 sanctisque
1159 937 1457 1007 reddenda,
1485 934 1753 1013 quodque
1780 940 2163 1016 eleemosynas
2199 951 2258 998 et
2293 939 2629 997 charitativa
2663 940 2919 998 subsidia
2950 940 3211 998 fidelium
3241 943 3534 1018 recipiant,

813 1051 993 1106 eaque
1018 1026 1262 1089 fideliter
1288 1032 1412 1089 sine
1435 1032 1564 1087 ullo
1590 1028 1876 1107 stipendio
1902 1042 2151 1106 pastores
2191 1027 2412 1092 uetanis
2442 1027 2911 1100 thdstlanttatts
2951 1032 3014 1089 in
3055 1029 3533 1097 annotationibus

811 1118 1183 1189 bannalibus,
1211 1134 1267 1181 et
1299 1118 1486 1181 berani
1520 1121 1672 1178 infra
1700 1142 1790 1179 xv.
1819 1120 1943 1180 dies
1978 1115 2018 1179 ὲ
2047 1123 2363 1197 receptione
2399 1125 2634 1191 cantori,
2665 1124 2755 1181 vel
2784 1119 3253 1199 attbipmbnttro
3286 1125 3535 1183 eeclesiae

811 1225 1018 1272 nostrae
1045 1214 1382 1272 cathedralis
1406 1225 1723 1280 numerent,
1750 1214 1853 1288 qui
1880 1213 2061 1271 dictas
2088 1215 2469 1291 eleemosynas
2497 1215 2847 1291 pauperibus
2876 1217 2966 1273 vel
3005 1216 3117 1292 piis
3148 1216 3289 1275 locis
3321 1217 3535 1291 quibus

814 1306 912 1383 pia
938 1307 1198 1364 fidelium
1225 1306 1524 1365 devotione
1549 1306 1921 1371 destinantur,
1951 1305 2313 1363 adnumerari
2340 1307 2581 1364 curabit.

897 1416 1014 1456 xvi.
1058 1398 1203 1457 Item
1232 1396 1593 1473 praecipimus
1618 1393 1838 1458 betunia
1864 1397 2094 1464 nostris,
2122 1392 2439 1472 quantenus
2465 1398 2616 1455 bona
2642 1398 2882 1457 mobilia
2909 1398 3363 1475 presbyterorum
3390 1419 3533 1474 quo-

813 1510 1171 1565 rumcunque
1210 1491 1379 1550 nobis
1423 1490 1822 1562 subjectorum,
1851 1489 1917 1546 in
1960 1492 2152 1546 nostra
2192 1489 2424 1548 dioecesi
2467 1490 2876 1557 decedentium,
2906 1487 3096 1548 statim
3140 1500 3267 1565 post
3306 1491 3530 1548 obitum

811 1602 1008 1639 eorum
1050 1593 1341 1649 arrestent,
1367 1594 1422 1641 et
1447 1583 1511 1639 in
1537 1592 1748 1639 arresto
1782 1592 2025 1648 teneant,
2054 1577 2351 1657 quousque
2378 1581 2461 1639 eis
2485 1582 2817 1648 constiterit,
2842 1603 2919 1639 an
2955 1582 3206 1639 defuncti
3235 1593 3533 1640 testamen-

812 1685 940 1731 tum
975 1675 1350 1741 condiderint,
1377 1686 1481 1732 aut
1519 1694 1629 1732 aere
1664 1674 1856 1732 alieno
1889 1673 2112 1749 gravati
2146 1674 2499 1740 decesserint,
2527 1696 2594 1732 ac
2620 1674 2867 1733 baeredes
2891 1687 2993 1732 aut
3018 1684 3338 1733 executores
3366 1688 3532 1733 testa·

814 1779 1154 1835 mentorum,
1180 1788 1352 1825 onera
1385 1766 1589 1823 domsts
1625 1765 1955 1823 mortuaria?
1990 1765 2229 1842 implere
2267 1766 2570 1832 voluerint,
2600 1779 2655 1824 et
2681 1767 2754 1824 ad
2781 1787 2848 1825 ea
2867 1766 3222 1841 judicialiter
3249 1768 3340 1824 vel
3376 1767 3531 1824 litte-

812 1855 1018 1919 ratorie
1057 1880 1115 1918 se
1151 1859 1568 1935 obligaverintz
1610 1858 1660 1916 si
1688 1868 1880 1914 autem
1908 1857 2177 1923 intestati,
2204 1868 2305 1914 aut
2334 1858 2519 1914 testati
2546 1857 2797 1932 quidem,
2829 1858 2925 1915 sed
2955 1878 3063 1915 aere
3088 1858 3279 1915 alieno
3305 1861 3530 1933 gravati

811 1952 1164 2019 decesserint,
1195 1953 1508 2025 nullusque
1535 1950 1628 2019 (ut
1656 1948 2050 2025 praemittitur)
2079 1948 2462 2006 haereditatem
2488 1948 2645 2006 adire
2672 1950 2940 2015 voluerit,
2968 1949 3117 2006 bona
3144 1948 3413 2024 praedicta
3440 1950 3532 2018 (ut

810 2044 1205 2122 praemittitur)
1232 2053 1518 2109 arrestata,
1539 2051 1596 2099 et
1623 2041 1686 2098 in
1712 2040 2046 2115 legitimum
2077 2040 2462 2097 inventarium
2488 2039 2728 2106 redacta,
2751 2059 2853 2115 per
2876 2041 3108 2101 betanus
3138 2042 3269 2115 plus
3295 2039 3529 2099 offeren-

810 2136 949 2193 dum
976 2131 1207 2212 publice
1233 2135 1307 2193 ad
1334 2153 1480 2210 opus
1507 2132 1868 2200 creditorum,
1896 2144 1952 2191 et
1973 2133 2070 2207 jus
2094 2130 2430 2189 habentium
2459 2130 2788 2196 vendentur,
2808 2130 2912 2205 qui
2941 2131 3010 2188 de
3038 2135 3141 2188 sua
3168 2130 3531 2189 administra-

811 2229 965 2286 tione
992 2227 1220 2286 officiali
1246 2236 1457 2292 nostru,
1487 2225 1820 2291 haeredibus,
1851 2223 2245 2289 creditoribus,
2273 2232 2329 2280 et
2359 2222 2651 2297 legatariis
2676 2221 2751 2277 ad
2778 2220 2840 2278 id
2869 2239 2968 2296 per
2994 2221 3245 2279 edictum
3274 2241 3531 2299 peremp-

809 2315 951 2377 torie
978 2320 1239 2384 evocatis,
1271 2329 1608 2395 computum
1634 2317 1760 2376 loco
1786 2328 1842 2374 et
1868 2326 2120 2392 tempore
2148 2313 2354 2372 debitis
2381 2312 2610 2370 reddere
2645 2312 3008 2380 tenebuntur,
3037 2309 3298 2386 alioquin
3324 2311 3528 2381 berani,

808 2412 1083 2470 damnum
1109 2410 1264 2487 quod
1293 2411 1608 2476 creditores,
1626 2421 1726 2467 aut
1753 2429 1857 2467 nos
1883 2429 1952 2467 ex
1980 2407 2441 2486 praescriptorum
2469 2404 2773 2463 omissione
2801 2404 3175 2471 incurremus,
3196 2406 3529 2463 resarcientt

809 2503 859 2561 si
902 2499 1033 2562 verb
1075 2514 1471 2562 testamentum
1517 2499 1888 2568 condiderint,
1944 2521 2060 2558 non
2106 2500 2361 2558 relaxent
2402 2493 2589 2557 berani
2621 2507 2899 2555 arrestum
2942 2491 3119 2555 donec
3153 2496 3235 2556 eis
3270 2492 3530 2574 legitime

808 2597 1125 2655 constiterit
1152 2607 1546 2653 testamentum
1575 2613 1676 2670 per
1699 2613 1820 2660 nos,
1849 2605 1954 2650 aut
1980 2593 2277 2651 officialem
2305 2603 2563 2649 nostrum
2589 2589 2781 2657 fuisse,
2802 2601 2859 2648 et
2884 2609 3001 2648 esse
3029 2588 3370 2665 inspectum,
3392 2590 3528 2646 visi-

807 2698 1008 2754 tatum,
1036 2708 1101 2744 ac
1125 2687 1522 2761 approbatum,
1551 2696 1606 2742 et
1643 2685 1945 2758 inquirant
1974 2679 2284 2759 diligenter
2321 2683 2390 2740 de
2424 2683 2649 2748 litteris,
2675 2694 2730 2740 et
2756 2681 3115 2740 documentis
3140 2682 3527 2738 concernenti-

810 2780 917 2837 bus
958 2778 1266 2842 ecclesiam,
1296 2790 1352 2834 et
1397 2776 1670 2834 beneficia
1712 2776 1984 2841 defuncti,
2014 2775 2233 2849 illaque
2268 2774 2465 2832 futuro
2507 2774 2812 2831 successori
2848 2767 3093 2831 fideliter
3132 2785 3433 2840 reservent,
3462 2794 3528 2830 ac

808 2890 930 2936 noe,
958 2882 1059 2927 aut
1086 2868 1459 2943 sigilliferum
1486 2878 1750 2923 nostrum
1778 2866 1846 2923 de
1872 2878 2053 2923 morte
2080 2867 2474 2941 cujuscunque
2499 2865 2802 2925 sacerdotis
2828 2865 2993 2925 nobis
3020 2864 3256 2932 subditi,
3285 2861 3528 2923 indilate

807 2956 845 3018 a
872 2960 1078 3019 notitia
1105 2959 1319 3023 mortis,
1348 2957 1610 3015 certiores
1639 2956 1890 3015 reddant.

887 3070 1029 3109 xvn.
1071 3044 1291 3109 Beturri
1334 3048 1645 3106 sacerdotes
1688 3048 1796 3105 sub
1838 3067 1945 3105 suo
1979 3049 2241 3106 betanatu
2285 3047 2347 3105 in
2382 3049 2607 3107 notorio
2642 3047 3024 3108 concubinatu
3056 3061 3160 3106 aut
3197 3049 3344 3106 alias
3368 3069 3527 3107 scan-

806 3138 999 3201 dalose
1045 3143 1314 3208 viventes,
1341 3140 1609 3199 similiter
1648 3152 1704 3198 et
1748 3142 1922 3197 lai'cos
1970 3139 2275 3206 adulteros,
2303 3139 2685 3206 fornicatores,
2711 3151 2813 3198 aut
2853 3139 2971 3197 alia
3009 3141 3242 3216 publica
3282 3141 3528 3199 crimina

805 3234 1186 3300 ecclesiastici,
1213 3245 1316 3291 aut
1357 3233 1521 3291 mixti
1564 3231 1672 3291 fori
1713 3232 2143 3298 committentes,
2174 3232 2273 3302 (ne
2302 3232 2610 3290 criminum
2648 3233 2991 3308 impunitate
3022 3244 3126 3290 aut
3162 3233 3528 3292 conniventia

805 3327 1163 3405 peccantium
1191 3326 1506 3385 multitudo
1533 3336 1759 3391 crescat,
1787 3336 1844 3383 et
1871 3325 2019 3382 iram
2047 3323 2158 3382 Dei
2188 3343 2326 3400 erga
2357 3345 2461 3382 nos
2494 3327 2891 3400 provocemus)
2919 3325 2968 3382 si
3005 3324 3303 3390 admoniti,
3331 3326 3526 3383 statim

804 3440 862 3478 se
904 3439 1022 3477 non
1063 3419 1377 3486 emendent,
1419 3418 1519 3476 sed
1562 3417 1806 3476 crimina
1849 3438 1956 3475 sua
1997 3428 2053 3474 et
2099 3416 2487 3474 scandalosam
2543 3416 2720 3474 vitam
2774 3416 3124 3483 continuent,
3178 3416 3252 3474 ad
3305 3418 3527 3475 curiam

804 3523 1055 3570 nostram
1082 3512 1351 3570 deferant.

886 3622 1051 3661 xvm.
1092 3600 1555 3680 ssttbipttsbyter
1591 3614 1648 3661 et
1676 3597 1864 3661 butant
1905 3595 2169 3677 deinceps
2210 3620 2388 3657 unam
2433 3594 2866 3659 confiscationem
2910 3604 3197 3674 pastorum
3240 3599 3333 3657 sui
3372 3603 3525 3660 heta-

801 3701 972 3757 natuss
1010 3715 1109 3753 seu
1150 3695 1457 3760 districtus,
1487 3706 1735 3770 tempore
1778 3688 2023 3749 maxime
2067 3692 2364 3751 commodo
2413 3712 2512 3768 per
2552 3712 2658 3749 nos
2699 3693 3018 3757 statuendo,
3056 3691 3310 3767 singulis
3355 3694 3524 3750 annis

801 3786 1109 3852 habebunt,
1144 3786 1217 3842 ad
1258 3806 1436 3860 quam
1476 3782 1911 3845 toubotatloutm
1954 3796 2179 3842 curatos
2221 3805 2355 3843 suos
2393 3785 2724 3862 quindecim
2769 3784 2972 3843 diebus
3014 3794 3162 3850 ante,
3200 3784 3310 3841 sub
3354 3788 3525 3860 poenst

799 3888 1047 3952 quatuor
1073 3877 1202 3934 libr.
1232 3896 1349 3953 par.
1378 3878 1708 3936 evocabunt.

881 3989 996 4026 x1x.
1039 3965 1334 4027 Postremo
1361 3972 1626 4028 volumus
1657 3964 1812 4045 quod
1843 3988 2039 4027 omnes
2067 3969 2129 4026 in
2157 3969 2453 4045 dignitate,
2481 3979 2584 4026 aut
2614 3968 3107 4026 administratione
3143 3966 3522 4025 ecclesiastica

799 4059 1108 4124 constituti,
1137 4080 1203 4116 ac
1237 4071 1488 4136 pastores
1519 4061 1608 4118 vel
1644 4059 1823 4118 vicem
1855 4080 2055 4119 eorum
2093 4072 2374 4135 gerentes,
2404 4061 2663 4126 habeant,
2691 4070 2748 4116 et
2779 4059 3092 4134 diligenter
3133 4061 3392 4134 relegant
3426 4059 3521 4115 de-

799 4162 966 4217 creta,
1004 4151 1407 4209 catechismum
1449 4152 1683 4209 concilii
1727 4152 1885 4209 Trid.
1928 4162 2100 4227 atque
2144 4163 2353 4210 statuta
2388 4152 2696 4227 provinciae
2734 4151 3186 4218 Mechliniensis,
3218 4161 3523 4225 nostraque

797 4242 1132 4310 dioecesana,
1160 4240 1376 4319 alioqui
1405 4264 1602 4301 eorum
1629 4242 1989 4322 negligentia
2017 4245 2327 4303 incorrecta
2354 4238 2589 4301 minime
2616 4243 2943 4301 remanebit.

1560 4338 1800 4395 Decreta
1828 4341 1882 4394 et
1910 4336 2147 4394 Statum
2170 4336 2379 4411 primes
2407 4337 2623 4409 Synodi
2652 4337 3006 4393 Dioecesanoe
3037 4334 3320 4412 quens.
3348 4353 3404 4409 p.
3434 4335 3522 4391 19.
