3882 5037
824 452 973 523 322
1599 446 2369 528 sspptnhix.—OEontintntal
2397 446 2766 511 Butuntum.
3282 451 3470 524 [PAR-1·
3501 451 3552 508 1.

826 650 991 707 nobis
1023 648 1305 727 deputatis
1332 650 1563 707 comites
1595 671 1715 709 sese
1742 652 2030 718 exhibere,
2058 661 2116 708 et
2142 650 2462 709 executioni
2491 650 2701 715 omnia,
2728 669 2858 725 quae
2897 649 2959 705 in
2999 648 3326 705 memoratis
3355 648 3552 705 visita-

827 742 1081 800 tionibus
1109 743 1183 799 ab
1210 741 1365 817 ipsis,
1394 743 1487 798 vel
1516 738 1699 816 potius
1738 738 1776 800 a
1816 743 1981 800 nobis
2008 743 2267 800 ordinata
2295 742 2523 809 fuerint,
2555 742 2857 817 diligenter
2884 741 3166 804 mandare,
3194 740 3351 813 quod
3393 738 3443 795 si
3484 757 3554 796 ex

830 832 1086 909 parochis
1113 833 1173 890 in
1203 834 1532 890 executione
1559 834 1844 892 dictorum
1887 836 2261 912 negligentes,
2291 835 2382 892 vel
2412 845 2769 892 contumaces
2797 832 3030 896 fuerint,
3059 841 3159 887 aut
3186 831 3359 887 etiam
3401 830 3554 887 ordi-

831 921 1087 980 nationes
1114 923 1371 998 praefatas
1400 924 1608 999 glossis
1635 926 1964 1000 quibusque
2006 925 2501 1002 impertinentibus
2525 935 2581 982 et
2608 923 2897 997 injuriosis
2937 933 3133 980 notare
3175 920 3236 978 in
3277 921 3558 996 margine,

829 1032 895 1069 ac
937 1014 1223 1071 maculare
1262 1014 1389 1070 ausi
1429 1014 1663 1082 fuerint,
1692 1028 1899 1092 praeter
1940 1036 2167 1092 poenam
2209 1037 2516 1081 carcerum,
2546 1036 2721 1090 quam
2751 1014 2824 1071 ad
2854 1013 3273 1090 beneplacitum
3296 1024 3556 1069 nostrum

833 1103 1023 1161 subire
1051 1104 1357 1171 debebunt,
1389 1105 1561 1162 etiam
1587 1106 1905 1164 arbitrariis
1947 1108 2289 1184 pecuniariis
2330 1127 2435 1184 pro
2474 1107 2751 1181 qualitate
2780 1107 3105 1168 verborum,
3130 1114 3187 1160 et
3213 1103 3554 1176 injuriarum

834 1194 1301 1253 irremissibiliter
1331 1196 1721 1270 subjicientur.

916 1286 1194 1343 Mandata
1237 1297 1446 1354 nostra,
1475 1297 1531 1343 et
1570 1307 1943 1363 quoscunque
1980 1307 2280 1363 processus
2320 1289 2394 1345 ad
2433 1288 2585 1364 ipsos
2625 1287 2865 1345 directos
2892 1282 3150 1362 parochis
3177 1283 3382 1344 vicinis
3420 1283 3556 1341 inti-

837 1396 1010 1443 mare,
1038 1386 1092 1434 et
1120 1376 1442 1435 executioni
1470 1377 1662 1435 omnia
1689 1375 2009 1455 opportune
2037 1378 2365 1436 demandari
2392 1379 2698 1436 curabunt.

918 1468 1105 1525 Semel
1147 1468 1210 1524 in
1254 1487 1405 1525 anno
1458 1468 1722 1526 ecclesias
1764 1479 1820 1525 et
1861 1468 2154 1544 parochias
2194 1469 2500 1535 visitantes,
2542 1468 2887 1543 intelligent,
2929 1466 3212 1542 quomodo
3264 1485 3369 1543 per
3421 1484 3558 1523 suos

838 1559 1113 1635 parochos
1156 1560 1347 1615 cultus
1396 1557 1629 1615 divinus
1670 1571 1993 1635 peragatur,
2023 1579 2098 1616 an
2138 1560 2288 1618 circa
2327 1559 2620 1617 ecclesiam
2660 1558 2958 1624 ciborium,
2990 1557 3402 1634 baptisterium,
3430 1558 3562 1615 olea

838 1669 1015 1716 sacra,
1041 1659 1097 1707 et
1136 1647 1346 1706 similia
1385 1668 1490 1706 suo
1530 1649 1726 1708 ordine
1767 1661 1822 1708 et
1862 1651 2061 1708 decore
2100 1651 2291 1707 omnia
2315 1650 2390 1707 ad
2420 1651 2806 1726 praescriptum
2834 1649 3191 1709 visitatorum
3233 1660 3559 1707 nostrorum

839 1740 1176 1808 consistant;
1218 1739 1507 1815 quomodo
1549 1751 1898 1797 sacramenta
1936 1739 2426 1806 administrentur,
2454 1761 2529 1798 an
2570 1741 2766 1808 forma,
2795 1752 2851 1799 et
2890 1742 3128 1799 materia
3155 1737 3260 1798 rite
3288 1752 3564 1807 servetur,

839 1850 913 1887 an
954 1829 1281 1907 puerinsine
1325 1830 1621 1905 baptismo,
1649 1841 1705 1887 et
1744 1832 1948 1899 adulti,
1977 1832 2191 1906 absque
2220 1830 2349 1889 aliis
2378 1831 2741 1889 sacramentis
2769 1832 3099 1889 necessariis
3127 1831 3455 1897 moriantur,
3482 1851 3561 1888 an

840 1921 900 1978 in
929 1920 1420 1978 administratione
1448 1932 1945 1988 sacramentorum,
1973 1935 2030 1979 et
2056 1922 2184 1979 aliis
2212 1922 2416 1979 ritibus
2445 1923 2683 1997 agendis
2709 1922 2984 1988 dioecesis,
3015 1934 3072 1980 et
3113 1923 3276 1980 libris
3316 1918 3354 1979 a
3391 1923 3564 1979 nobis

838 2012 1166 2087 approbatis
1193 2022 1466 2079 utantur3
1506 2032 1578 2069 an
1608 2013 1810 2080 missae,
1841 2033 1984 2087 quas
2011 2013 2227 2078 conci0,
2256 2023 2313 2070 et
2341 2013 2621 2089 processio
2662 2013 2974 2090 praecedere
3014 2014 3232 2080 debent,
3259 2013 3564 2071 dominicis

839 2113 897 2158 et
944 2102 1159 2160 festivis
1202 2103 1371 2161 etiam
1420 2103 1737 2161 celebribus
1782 2123 1882 2179 pro
1923 2123 2080 2161 more
2121 2113 2179 2161 et
2219 2103 2632 2161 consuetudine
2673 2104 3034 2161 ecclesiarum
3077 2104 3429 2171 habeantur;
3483 2124 3565 2161 an

841 2193 1026 2268 aliqui
1066 2214 1134 2252 ex
1176 2193 1529 2271 parochianis
1568 2195 1631 2250 in
1659 2195 1933 2253 Paschate
1975 2194 2406 2261 confessionem,
2443 2193 3016 2270 communionemque
3048 2215 3262 2252 sacram
3300 2194 3562 2253 intermi-

840 2285 1034 2351 serint,
1062 2305 1137 2343 an
1167 2285 1225 2342 in
1253 2285 1697 2343 confessionibus
1725 2285 2073 2361 excipiendis
2101 2285 2390 2343 cautiones
2417 2281 2602 2342 debite
2631 2284 3021 2353 adhibeantur,
3047 2307 3121 2343 an
3151 2286 3336 2344 officia
3361 2286 3563 2344 divina

841 2377 914 2434 ad
942 2377 1331 2453 praescriptum
1359 2375 1611 2434 Missalis
1640 2376 1890 2433 Romani
1917 2387 1973 2434 et
2003 2376 2280 2434 Breviarii
2309 2375 2627 2433 decurrant.
2709 2369 2883 2433 Sechs
2909 2376 3060 2434 enim
3100 2376 3151 2433 si
3190 2396 3335 2450 quos
3366 2377 3561 2436 fecisse

840 2468 1358 2534 animadverterint,
1388 2466 1460 2524 ad
1488 2486 1608 2534 nos,
1635 2468 1728 2526 vel
1756 2467 2055 2526 officialem
2085 2478 2338 2524 nostrum
2369 2466 2636 2526 deferant.

924 2560 1092 2625 Item,
1112 2561 1413 2623 curabunt,
1430 2579 1501 2616 ne
1531 2558 1857 2634 parochiani
1883 2559 2115 2633 signum
2145 2559 2367 2615 Sanctae
2394 2558 2610 2625 Crucis,
2626 2558 2958 2615 Orationem
2986 2560 3368 2627 Dominicam,
3389 2560 3560 2618 Salu-

841 2650 1108 2708 tati0nem
1138 2650 1502 2726 Angelicam,
1532 2649 1886 2724 Symbolum,
1914 2660 1971 2707 et
2000 2649 2366 2723 Decalogum
2396 2649 2678 2723 ignorent.

925 2739 1268 2814 Intelligent
1307 2740 1479 2796 etiam
1509 2739 1579 2796 de
1608 2739 1726 2797 vita
1766 2749 1824 2795 et
1863 2739 2134 2805 moribus»,
2164 2740 2555 2815 parochorum,
2583 2739 2655 2796 de
2695 2738 2980 2814 frequenti
3019 2738 3272 2815 ipsorum
3315 2740 3563 2797 celebra-

842 2828 1012 2894 tione,
1043 2838 1099 2885 et
1139 2849 1216 2885 an
1255 2829 1444 2886 debita
1486 2830 1803 2886 reverentia
1831 2839 1887 2886 et
1913 2828 2284 2895 confessione,
2312 2840 2595 2904 quantum
2635 2829 2926 2905 probabile
2952 2840 3052 2895 est,
3078 2849 3224 2907 opus
3252 2851 3391 2897 esse,
3418 2850 3562 2908 prae·

841 2919 1016 2976 missa
1044 2919 1253 2976 faciant
1280 2938 1471 2975 sacrat
1515 2939 1590 2975 an
1617 2918 1678 2975 in
1708 2920 2046 2976 consecratis
2089 2920 2355 2985 ecclesiis,
2385 2922 2478 2979 vel
2523 2940 2656 2978 cum
2698 2919 2923 2976 indulto
2963 2920 3026 2977 in
3068 2941 3183 2979 non
3223 2924 3565 2982 consecratis

843 3010 1146 3076 celebrent,
1174 3009 1655 3085 portatilibusque
1681 3010 1743 3066 in
1773 3009 2054 3067 altaribus
2082 3009 2325 3077 violatis,
2352 3023 2456 3067 aut
2483 3010 2788 3069 enormiter
2815 3010 2978 3068 factis
3014 3011 3075 3069 in
3113 3013 3334 3071 defectu
3372 3034 3566 3072 conse-

841 3099 1108 3157 crationis
1150 3109 1403 3165 utantur,
1443 3110 1499 3157 et
1538 3120 1614 3156 an
1654 3100 1819 3158 horas
1858 3101 2161 3157 canonicas
2205 3100 2396 3158 debito
2438 3111 2707 3178 tempore,
2749 3100 2917 3158 etiam
2967 3102 3027 3159 in
3069 3093 3268 3163 itinere
3309 3106 3564 3164 recitent.

843 3192 1110 3267 Denique
1154 3191 1325 3249 etiam
1367 3211 1566 3249 eorum
1607 3193 1716 3250 erit
1756 3194 2135 3269 parochorum
2176 3192 2286 3250 sibi
2328 3194 2710 3267 subjectorum
2752 3193 3125 3252 confessiones
3166 3196 3441 3274 excipere,
3469 3200 3565 3255 vel

844 3283 1022 3340 alicui
1050 3283 1212 3342 alteri
1242 3283 1501 3342 viciniori
1529 3295 1587 3341 et
1614 3284 1850 3342 doctiori
1879 3284 1937 3341 id
1968 3283 2155 3359 ipsum
2185 3284 2554 3351 committere,
2582 3285 2662 3341 ita
2689 3295 2756 3340 ut
2782 3285 3050 3342 omnibus
3078 3287 3150 3344 de
3177 3287 3401 3347 idoneis
3427 3308 3565 3348 con-

841 3375 1087 3432 fessariis
1115 3375 1513 3451 prospiciatur,
1542 3376 1603 3433 in
1631 3396 1747 3450 quo
1776 3376 2032 3452 ipsorum
2061 3375 2429 3433 conscientias
2456 3387 2715 3433 oneratas
2743 3396 2864 3433 esse
2893 3380 3174 3435 volumus.

922 3466 1227 3523 Curabunt
1254 3487 1472 3543 semper
1497 3467 1568 3525 de
1596 3487 1876 3535 successu,
1904 3467 1975 3525 de
2015 3485 2190 3524 cursu
2231 3467 2624 3524 visitationum
2667 3465 3283 3542 attbiptezfintetaltum
3323 3489 3564 3527 suarum

840 3557 1299 3617 informationem
1341 3558 1607 3626 debitam,
1634 3570 1691 3617 et
1729 3559 2101 3616 sufficientem
2142 3558 2465 3624 habeamus,
2493 3568 2549 3617 et
2587 3558 2636 3615 si
2678 3578 2808 3633 quae
2851 3559 3143 3634 graviores
3170 3560 3566 3619 exorbitantiae

838 3659 1091 3714 currunt,
1122 3649 1302 3706 literis
1330 3649 1449 3706 suis
1478 3660 1580 3706 aut
1606 3650 1739 3708 viva
1766 3668 1901 3706 voce
1931 3667 2035 3705 nos
2062 3649 2326 3707 certiores
2352 3650 2577 3707 faciant.

923 3740 1223 3814 Inquirent
1249 3739 1419 3796 etiam
1446 3740 1516 3798 de
1543 3740 1916 3817 parochorum
1945 3740 2331 3815 proventibuS,
2356 3762 2433 3798 an
2461 3742 2677 3798 librum
2708 3739 3049 3807 reddituum,
3079 3752 3134 3799 et
3176 3750 3562 3817 proventuum

839 3849 1094 3895 suorum,
1122 3841 1290 3905 atque
1334 3830 1633 3896 bonorum,
1662 3831 2184 3906 beneficiorumque
2225 3831 2287 3889 in
2333 3832 2574 3890 ecclesia
2622 3835 2728 3889 sust
2772 3831 3142 3889 fundatorum
3185 3833 3446 3899 habeant,
3488 3854 3567 3890 an

842 3921 1041 3978 vicarii
1069 3931 1124 3978 et
1151 3919 1470 3976 beneficiati
1498 3920 1682 3978 officio
1709 3939 1816 3977 suo
1846 3920 2213 3990 satisfaciant,
2242 3944 2317 3982 an
2345 3924 2565 3999 aliquid
2594 3925 2668 3982 ab
2697 3923 2931 3981 ecclesia
2970 3923 3045 3980 sit
3084 3924 3415 3989 alienatum,
3444 3944 3567 3998 quo

842 4022 1111 4086 tempore,
1140 4020 1196 4068 et
1225 4030 1325 4087 per
1352 4029 1537 4084 quem.

922 4101 1236 4178 Inspicient
1263 4101 1433 4160 etiam
1462 4102 1808 4179 parochialia
1832 4103 2090 4171 aedificia,
2121 4123 2195 4161 an
2224 4115 2374 4162 sarta
2401 4115 2546 4163 tecta
2574 4104 2834 4181 parochis
2865 4103 3073 4161 tradita
3113 4103 3174 4161 in
3215 4103 3406 4162 debito
3445 4123 3568 4163 esse

840 4204 1262 4259 conserventur,
1291 4212 1362 4249 an
1394 4193 1722 4268 parochiani
1750 4195 1855 4251 hac
1882 4196 1947 4252 in
1976 4206 2134 4269 parte
2159 4197 2314 4253 ultra
2338 4196 2596 4254 debitum
2638 4207 2696 4253 et
2736 4217 2899 4273 posse
2938 4197 3012 4253 ab
3053 4196 3191 4272 ipsis
3234 4206 3568 4271 graventur,

841 4302 917 4341 an
943 4303 1010 4340 ea
1037 4284 1221 4359 perire
1248 4280 1481 4342 omnino
1509 4284 1852 4360 permittant,
1881 4297 1938 4343 et
1967 4285 2189 4343 collabi.
