3882 5037
1105 484 1746 562 ffittmau2.—ffliotm
1772 485 1831 546 of
1855 485 2130 564 Θοῐοςιιε.

1055 840 1271 898 SECT.
1302 839 1404 896 IV.
1436 835 1809 904 1.-motesoe
1838 838 1899 900 of
1924 836 2203 915 erutoque.

435 969 698 1027 Amemus
724 987 795 1026 or
825 970 1086 1034 Inqmnv
1114 989 1223 1027 roa
1251 989 1365 1028 ‘rna
1392 967 1587 1030 Rutal
1616 967 1897 1034 Bantia
1926 992 1996 1030 οι»
2026 991 2141 1029 ‘mn
2170 972 2426 1029 Diocass
2453 990 2521 1028 οι*
2548 971 2838 1036 Comana,

835 1079 909 1117 av
938 1061 1253 1118 Anom‘nus
1279 1062 1660 1121 Ancnmsnop
1687 1081 1755 1121 οι*
1784 1065 2074 1130 Comana,
2102 1063 2253 1120 A.D.
2286 1080 2421 1120 mm..

313 1170 480 1235 QUAE
508 1165 545 1226 ἃ
583 1168 803 1234 betunia
847 1168 1150 1239 ruralibus,
1178 1176 1244 1231 de
1274 1175 1582 1231 rectoribus
1599 1175 2032 1251 parochialium
2066 1176 2435 1232 ecclesiarum
2458 1174 2558 1230 sub
2584 1174 2699 1230 suis
2725 1170 2985 1240 betaniiss,

444 1262 539 1318 site
576 1264 635 1319 in
662 1264 903 1339 oppidis,
930 1266 1036 1320 sive
1069 1265 1226 1331 villis,
1256 1271 1363 1322 aut
1384 1266 1556 1341 paqis
1582 1266 2065 1323 commorantibus
2083 1287 2100 1319 .-
2139 1259 2392 1322 .similiter
2419 1265 2490 1320 ab
2518 1266 2654 1338 ipsis
2680 1264 2986 1322 rectoribus

442 1353 499 1408 de
523 1351 648 1419 vita,
677 1356 1109 1422 conversatione,
1140 1356 1417 1425 doctrina,
1444 1361 1498 1414 et
1523 1358 1836 1415 ministerio
1863 1376 2101 1415 suornm
2129 1354 2509 1432 confratrum,
2537 1358 2591 1411 et
2616 1356 2985 1413 ecclesiarum

444 1449 603 1512 statu,
629 1447 852 1520 inquiri
879 1448 1129 1505 debeant.

371 1567 479 1624 AN
502 1566 679 1629 httani
707 1567 1260 1639 Θῇτίῦίίαηίῐαῒιιηῑ*
1291 1572 1409 1631 suis
1439 1570 1961 1629 Christianitatibus
1986 1567 2293 1649 diligenter
2321 1569 2806 1648 superintendant.

370 1658 456 1717 An
479 1662 697 1737 synodis
717 1663 1132 1739 episcopalibus
1156 1665 1433 1732 intersint,
1450 1664 1685 1738 illicque
1711 1664 1957 1722 referant
1975 1675 2031 1722 et
2051 1675 2338 1740 exponant
2365 1683 2484 1721 suae
2508 1659 2734 1724 betunia
2755 1676 2983 1733 statum,

302 1761 350 1805 et
384 1751 586 1811 decreta
623 1754 923 1831 synodalia
948 1755 1261 1830 publicent,
1288 1765 1345 1812 et
1384 1766 1750 1829 exequantur.
1835 1755 1914 1813 Et
1938 1775 2014 1813 an
2043 1752 2285 1813 sollicite
2313 1753 2629 1831 invigilent,
2658 1766 2739 1823 ut,
2770 1757 2817 1814 si
2844 1756 2985 1831 quid

302 1841 537 1902 adversus
565 1846 749 1913 fldem,
779 1846 1162 1922 pietatemque
1188 1858 1455 1923 emergat,
1482 1846 1948 1905 reverendissimo
1976 1847 2210 1906 domino
2237 1859 2433 1906 nostro
2459 1846 2902 1924 archiepiscopo,
2928 1859 2985 1907 et

301 1935 663 1995 archidiacono
692 1957 801 1995 suo
828 1937 1173 2012 significent.

367 2028 454 2084 An
478 2024 674 2095 unani,
702 2039 759 2086 et
784 2029 890 2103 qui
919 2029 1027 2086 sub
1052 2029 1133 2088 eis
1160 2040 1311 2097 sunt,
1342 2029 1528 2088 curati
1558 2030 1820 2087 omnium
1845 2030 2216 2089 ecclesiarum
2256 2031 2361 2088 hoc
2401 2029 2695 2087 sinceriter
2735 2030 2984 2097 credant,

301 2120 652 2189 profiteantur,
683 2132 741 2178 et
781 2140 1005 2197 semper
1043 2122 1283 2180 retinere
1322 2122 1521 2189 velint,
1547 2122 1704 2196 quod
1738 2122 2019 2189 Romana,
2047 2121 2363 2187 Catholica,
2390 2131 2445 2178 et
2471 2120 2804 2197 Apostolica
2832 2131 2986 2179 tenet

301 2206 540 2277 Ecclesia,
569 2212 885 2287 praesertim
912 2212 976 2269 in
1002 2213 1258 2271 articulis
1283 2214 1388 2271 hac
1417 2223 1743 2289 tempestate
1771 2212 2161 2271 controversis.

364 2302 448 2359 An
494 2303 673 2361 sciant
708 2321 922 2370 omnes,
958 2315 1014 2363 et
1044 2305 1223 2362 velint
1271 2307 1555 2382 populum
1610 2324 1725 2362 non
1780 2299 1986 2370 coacte,
2032 2303 2131 2361 sed
2175 2297 2480 2377 spontanee
2526 2303 2755 2360 docere:
2814 2314 2870 2360 et
2908 2324 2982 2361 an

298 2393 502 2452 verbum
541 2395 656 2453 Dei
698 2395 915 2472 singuli
962 2414 1065 2472 pro
1119 2396 1319 2473 populi
1372 2407 1542 2471 captu
1597 2395 1935 2471 praedicent:
2000 2404 2058 2451 et
2110 2414 2185 2452 an
2237 2393 2613 2451 orthodoxam
2666 2394 2983 2452 doctrinam

298 2484 520 2544 tradant:
562 2498 620 2545 et
646 2507 722 2545 an
749 2487 1046 2555 aedifieent,
1073 2490 1167 2547 vel
1192 2497 1561 2565 corrumpant
1589 2506 1836 2564 gregem.

361 2578 445 2636 An
472 2580 584 2637 sint
618 2580 765 2637 inter
806 2598 902 2637 eos
941 2580 1085 2657 lupi,
1111 2581 1216 2655 qui
1244 2601 1480 2657 gregem
1506 2580 1798 2645 invadant,
1825 2589 1881 2635 et
1908 2597 2011 2655 per
2034 2597 2208 2637 novas
2235 2588 2292 2635 et
2321 2576 2652 2653 peregrinas
2679 2578 2981 2644 doctrinaS‚

301 2686 383 2725 seu
421 2689 516 2745 per
560 2671 754 2729 dulces
799 2689 1081 2728 sermones
1122 2682 1503 2747 corrumpant,
1545 2682 1716 2745 atque
1757 2665 1795 2727 ὲ
1837 2670 2073 2728 veritate
2115 2669 2399 2726 abducant
2441 2690 2589 2735 oves,
2631 2689 2735 2746 pro
2770 2670 2982 2745 quibus

298 2772 524 2819 mortuus
548 2773 633 2822 est
658 2763 953 2820 Christus:
1004 2772 1062 2819 et
1087 2781 1226 2819 num
1255 2763 1486 2820 deliteat
1513 2762 1576 2819 in
1601 2762 1797 2836 aliqua
1826 2761 2096 2836 parochia
2120 2762 2436 2827 haereticus,
2464 2772 2565 2818 aut
2591 2761 2984 2820 schismaticus

297 2853 457 2910 ullus:
507 2876 649 2913 num
690 2854 920 2912 haeresis
960 2853 1171 2927 aliqua,
1198 2854 1290 2910 vel
1316 2873 1468 2911 nova
1499 2854 1769 2929 dogmata
1799 2851 2043 2909 occultis
2071 2852 2499 2919 conventiculis,
2527 2852 2983 2912 disseminentur.

297 2941 359 2998 Et
380 2966 447 3003 an
474 2948 604 3013 sint,
631 2947 734 3023 qui
761 2940 1038 3004 curiosius
1065 2945 1135 3003 de
1161 2946 1271 3004 fide
1298 2945 1607 3021 disputent,
1634 2954 1690 3000 et
1717 2942 2076 3018 simplicibus
2104 2942 2363 3015 injiciant
2390 2944 2706 3020 scrupulos.

359 3037 444 3095 An
470 3039 583 3096 sint
611 3037 791 3113 aliqui
828 3037 888 3094 in
932 3036 1245 3113 parochias,
1271 3056 1446 3094 manu
1475 3035 1746 3101 saeculari,
1776 3035 1898 3091 sine
1926 3033 2197 3091 canonica
2224 3034 2600 3100 institutione,
2631 3053 2731 3091 seu
2759 3034 2983 3092 ordina·

293 3125 439 3195 tione,
465 3129 687 3187 intrusi.

358 3219 428 3276 Et
462 3240 538 3278 an
578 3219 782 3295 aliqui,
821 3219 1032 3294 quibus
1072 3228 1157 3276 est
1198 3219 1367 3294 pleno
1409 3218 1537 3291 jure
1582 3218 1894 3294 provisum,
1934 3237 1994 3275 se
2038 3217 2420 3274 intromittant
2456 3216 2526 3273 de
2566 3215 2817 3273 ecclesiis
2861 3216 2983 3273 sine

293 3310 479 3380 praevio
505 3312 764 3368 examine
792 3309 1118 3385 episcopali,
1147 3311 1240 3368 vel
1265 3310 1721 3368 archidiaconali.
2483 3372 2484 3375 Ἴ

356 3400 442 3458 An
468 3401 713 3477 ignotos,
742 3413 841 3459 aut
869 3420 1047 3477 vagos
1076 3402 1410 3468 sacerdotes,
1439 3411 1494 3457 et
1521 3400 1786 3467 exititioe,
1817 3420 1918 3457 seu
1957 3397 2265 3474 fugitivos:
2326 3408 2425 3454 aut
2464 3396 2717 3461 effreneS,
2745 3406 2800 3453 et
2826 3406 2985 3453 extra

292 3490 647 3551 obedientiam
687 3493 1024 3551 constitutos
1066 3492 1387 3559 monachoe,
1419 3493 1632 3567 absque
1675 3493 2041 3568 praelatorum
2083 3509 2317 3546 suorum
2361 3487 2714 3553 testimoniis,
2743 3508 2844 3544 seu
2871 3487 2982 3544 for·

292 3583 452 3650 matis,
473 3584 789 3643 admittant.
870 3586 1002 3651 Seu,
1029 3584 1184 3658 quod
1212 3585 1372 3659 pejus
1394 3595 1494 3649 oet,
1515 3604 1590 3641 an
1620 3594 1909 3658 suspectos
1936 3583 2007 3639 de
2035 3581 2163 3647 fide,
2187 3591 2288 3638 aut
2314 3579 2627 3656 flagitiosos
2656 3579 2985 3645 sacerdotes„

291 3683 372 3728 aut
406 3678 725 3744 monachos,
761 3695 860 3752 per
899 3695 1042 3749 quos
1088 3676 1335 3750 populus
1378 3675 1458 3732 eis
1501 3674 1765 3738 creditus,
1813 3673 2007 3731 seduci
2053 3683 2155 3730 aut
2201 3672 2492 3749 corrumpi
2538 3664 2777 3737 facilins,
2812 3690 2985 3746 quam

291 3759 456 3820 doceri
483 3776 685 3839 potest,
721 3766 1053 3824 ministeriis
1081 3768 1398 3824 adhibeant.

357 3853 446 3911 An
475 3855 583 3932 ipsi
611 3858 792 3914 curati
818 3857 1107 3915 instruant
1144 3870 1200 3915 et
1237 3859 1472 3916 doceant
1509 3857 1792 3933 populum
1828 3855 1897 3912 de
1933 3855 2039 3921 his,
2073 3875 2202 3929 quae
2238 3854 2309 3911 ad
2347 3854 2516 3911 fidem
2557 3864 2613 3910 et
2652 3851 2984 3929 religionem

347 4045 372 4073 ⁸
403 4047 504 4096 The
541 4052 703 4100 litans
748 4047 886 4102 rutel
931 4064 1115 4112 appear
1161 4054 1210 4098 to
1255 4051 1380 4099 have
1427 4050 1559 4099 been
1605 4049 1927 4098 disobedient
1971 4053 2023 4097 to
2067 4047 2154 4095 the
2196 4045 2540 4109 archbishop’s
2580 4045 2852 4101 mandata,
2888 4045 2986 4092 and

292 4122 436 4185 guilty
459 4123 513 4171 of
527 4125 673 4174 other
698 4125 941 4173 bresches
964 4125 1022 4173 of
1039 4125 1309 4189 discipline
1335 4126 1389 4173 in
1412 4127 1499 4175 the
1524 4126 1783 4188 following
1807 4140 1928 4189 year
1948 4145 1959 4182 ;
2008 4139 2072 4172 on
2095 4123 2263 4171 which
2290 4125 2500 4170 account
2520 4134 2593 4168 we
2618 4121 2724 4168 find
2748 4135 2776 4167 a
2797 4120 2983 4183 special

291 4195 450 4246 deeree
473 4199 528 4247 of
543 4201 630 4248 the
653 4201 811 4263 synod
828 4201 884 4250 of
898 4200 1121 4264 Cologne
1141 4202 1338 4265 against
1354 4202 1791 4259 them—entitled,
1805 4205 2076 4250 Decretum
2094 4215 2247 4248 sacra
2268 4198 2440 4258 synodi
2466 4203 2637 4244 contra
2655 4196 2987 4244 inobedientes

292 4277 505 4334 quosdam
524 4277 732 4330 betanus
757 4277 965 4332 rurales.
1031 4278 1145 4328 Itis
1168 4284 1267 4338 not,
1292 4281 1538 4336 however,
1562 4279 1619 4328 of
1635 4279 1946 4342 importance
1981 4276 2236 4327 sufficient
2257 4280 2307 4324 to
2330 4274 2487 4324 merit
2508 4272 2987 4336 tce-publication.—

293 4348 376 4399 See
395 4354 491 4402 CC.
512 4356 806 4411 Gemanica,
833 4355 976 4405 Tom.
993 4370 1061 4405 vx.
1085 4371 1134 4421 p.
1149 4357 1261 4404 800.

1825 4420 1913 4467 112
