3882 5037
414 492 565 549 Sam.
583 491 715 564 vr]

1221 492 1862 569 &mann—Morem
1891 495 1951 555 ot
1972 495 2297 567 muratam.
2975 500 3123 572 309

414 692 794 750 visitatoribus
821 690 1034 749 nostris
1060 691 1421 767 specialibus,
1449 694 1512 751 in
1551 695 1784 770 quosvis
1824 695 2116 755 districtus
2157 718 2258 756 seu
2286 695 2526 774 capitula
2569 699 2727 757 brevi
2768 700 3122 775 ablegandiS,

413 781 831 848 committimus„
859 793 917 840 et
958 782 1311 850 mandamus,
1337 797 1404 843 ut
1443 805 1619 861 quam
1661 787 1913 863 primum
1953 788 2017 845 in
2056 789 2292 863 aliquod
2321 787 2622 866 capitulum
2651 792 3025 868 pervenerint,
3055 793 3124 850 de

415 874 547 939 vita,
574 874 886 940 habilitate,
912 885 969 932 et
995 874 1314 951 aptitudine
1341 875 1542 946 uetant,
1572 889 1627 936 et
1667 879 1838 935 etiam
1876 879 2124 937 aliorum
2167 881 2514 938 confratrum
2546 881 2949 958 capitularium
2991 883 3123 940 dili-

417 961 608 1039 genter
648 965 964 1040 inquirant,
992 977 1048 1023 et
1090 965 1160 1024 de
1204 987 1289 1034 eo,
1314 969 1467 1044 quod
1507 969 1572 1027 in
1612 971 1713 1028 tali
1756 971 2130 1045 inquisitione
2180 973 2503 1050 repererint,
2545 993 2665 1038 n03,
2709 972 2799 1029 vel
2844 972 3123 1030 vicarium

417 1067 667 1113 nostrum
694 1058 959 1115 certiores
988 1058 1237 1115 reddant.
1319 1059 1475 1117 Tum
1503 1081 1624 1126 nos,
1650 1064 1747 1121 vel
1775 1063 1926 1121 idem
1956 1064 2202 1123 vicarius
2228 1076 2433 1131 noster,
2464 1065 2514 1122 si
2543 1077 2600 1121 et
2625 1074 2831 1129 nostro,
2848 1075 2903 1121 et
2930 1063 3122 1122 visita-

417 1158 597 1205 torum
618 1147 851 1221 judicio,
876 1150 1138 1208 Daunum
1174 1150 1366 1208 minus
1404 1152 1677 1211 idoneum
1705 1154 2108 1223 invenerimus,
2137 1156 2379 1214 eundem
2419 1154 2493 1212 ab
2535 1155 2718 1211 officio
2759 1155 3123 1231 deponemus„

418 1250 469 1296 et
494 1237 727 1314 tupitulo
756 1238 1174 1307 mandabimus,
1200 1252 1267 1298 ut
1294 1241 1538 1318 dignum
1565 1254 1622 1301 et
1647 1244 1918 1303 idoneum
1947 1247 2140 1323 eligat,
2169 1246 2445 1320 nobisque
2485 1245 2937 1302 confirmandum
2981 1264 3121 1321 prae·

420 1346 603 1392 sentet.
684 1336 757 1393 In
785 1338 902 1410 qua
929 1334 1355 1393 confirmatione
1381 1356 1464 1403 ea,
1491 1357 1621 1412 quae
1647 1357 1821 1414 supra
1852 1340 1914 1398 in
1945 1341 2210 1417 praesenti
2243 1340 2433 1405 titulo,
2462 1338 2643 1414 capite
2685 1335 2851 1394 tertio
2891 1336 3124 1394 definita

421 1436 566 1492 sunt,
594 1422 781 1485 stricte
807 1436 865 1485 et
890 1427 963 1485 ad
989 1429 1265 1486 amussim
1293 1431 1577 1490 observari
1606 1434 1888 1491 volumus.

1885 1525 1997 1582 CC.
2032 1526 2378 1592 Germanice,
2406 1524 2571 1582 Tom.
2587 1540 2689 1578 vn.
2717 1538 2771 1595 p.
2792 1520 3121 1576 548—555.

1211 1692 1426 1750 SECT.
1455 1691 1884 1757 VL—Btotrse
1913 1694 1973 1754 ot
1997 1692 2321 1763 OEstbstabt.

640 1782 855 1841 Omcs
881 1802 999 1842 Anu
1029 1786 1072 1841 J
1074 1804 1350 1845 vamur
1376 1808 1447 1846 or
1474 1786 1677 1852 Draus
1704 1788 1896 1850 Rutal
1925 1810 1990 1848 m
2019 1810 2131 1850 ms·
2158 1793 2412 1850 oncsss
2437 1810 2506 1848 or
2534 1790 2882 1853 E1cnsnnr,

1132 1897 1208 1936 nv
1236 1881 1455 1937 B1snoP
1480 1881 1523 1936 J
1525 1899 1646 1938 oms
1674 1881 1939 1950 ΜΑΜῚΝ,
1968 1882 2120 1940 A.D.
2142 1901 2402 1941 smum.

498 1965 868 2030 BEGQNX
910 1971 1144 2041 rutulus,
1185 1976 1288 2050 qui
1329 1976 1496 2049 juxta
1542 1977 1837 2052 antiquam
1884 1978 2352 2036 consuetudinem
2399 1996 2500 2053 per
2544 1974 2816 2034 dioecesin
2869 1985 3120 2032 nostram

425 2061 795 2131 constitutam,
844 2063 1048 2122 debent
1091 2066 1345 2123 officium
1392 2087 1562 2124 suum
1603 2063 1850 2125 fideliter
1891 2070 2116 2145 exequi,
2156 2079 2213 2126 et
2258 2069 2511 2143 implere,
2546 2075 2716 2144 prout
2761 2065 2823 2121 in
2869 2064 3123 2139 antiquis

423 2154 634 2210 statutis
679 2155 1020 2213 continetur.
1102 2157 1196 2214 Sic
1244 2169 1432 2216 tamen
1479 2160 1679 2216 nullus
1720 2161 1785 2217 in
1826 2161 2086 2219 uersuum
2129 2157 2368 2218 natalem
2408 2159 2618 2217 electus
2654 2168 2785 2216 ante
2826 2158 3120 2215 confirma-

424 2243 626 2302 tionem
663 2240 702 2302 ὲ
739 2247 923 2313 nobiS,
953 2247 1045 2303 vel
1073 2247 1287 2305 vicario
1329 2261 1524 2307 nostro
1563 2250 1849 2308 obtentam
1877 2248 2176 2314 betanattls
2202 2249 2529 2323 hujusmodi
2558 2251 2805 2308 officium
2835 2259 3124 2324 presumat

422 2336 613 2408 quovis
638 2337 807 2395 modo
835 2357 1104 2396 exercere.
1184 2335 1460 2398 Similiter
1487 2360 1590 2397 nec
1617 2341 1837 2416 possint
1861 2339 2065 2408 berani,
2095 2343 2187 2400 vel
2213 2340 2506 2419 camerarii
2533 2335 2572 2396 a
2597 2340 2868 2397 fratribus
2896 2338 3124 2414 deponi,

425 2436 519 2483 aut
542 2423 682 2485 alias
708 2426 887 2487 libere
917 2429 1126 2496 cedere,
1151 2430 1262 2488 nisi
1291 2431 1746 2498 renuntiationis,
1774 2431 2059 2500 cessionis,
2090 2434 2183 2491 vel
2223 2430 2590 2508 depositionis
2631 2451 2800 2489 causa
2840 2429 3121 2488 sufficiens

421 2539 596 2576 coram
637 2522 820 2588 nobis,
864 2523 960 2579 vel
1002 2522 1217 2580 vicario
1263 2534 1456 2581 nostro
1499 2523 1673 2580 fuerit
1719 2534 1940 2582 ostensa
1988 2535 2043 2582 et
2086 2525 2341 2582 deducta.
2426 2523 2611 2581 Debet
2652 2534 2845 2580 autem
2882 2522 3119 2582 betanuss

423 2610 618 2674 uitalis
660 2611 850 2675 taliter
888 2616 953 2673 in
992 2616 1220 2674 dioecesi
1261 2618 1457 2674 nostra
1497 2616 1839 2674 constitutus
1879 2616 1939 2673 in
1982 2616 2265 2693 principio
2292 2635 2409 2673 suae
2437 2614 2774 2692 receptionis
2794 2615 3005 2687 jurare,
3033 2611 3123 2670 vel

423 2700 609 2762 saltem
637 2707 745 2764 fide
771 2707 907 2764 data
935 2708 1260 2783 promittere
1287 2709 1410 2765 vice
1436 2717 1492 2765 et
1518 2708 1647 2765 loco
1666 2707 1994 2781 juramenti,
2023 2704 2178 2783 quod
2219 2708 2369 2766 infra
2413 2705 2650 2784 scriptos
2689 2707 2962 2764 articulos
3002 2704 3123 2762 sine

419 2795 606 2855 fraude
630 2809 684 2855 et
711 2797 844 2857 dolo
869 2799 1205 2858 observabit.

493 2884 701 2956 Primo,
742 2885 899 2964 quod
942 2890 1177 2949 domino
1218 2890 1483 2967 episcopo
1527 2893 1849 2969 Eystetensi
1892 2892 2157 2951 obediens
2192 2893 2413 2958 existat,
2456 2893 2689 2967 ejusque
2736 2889 3019 2955 mandata,
3065 2897 3125 2946 et

419 2997 643 3037 suorum
662 2981 929 3054 judicum
959 2977 1270 3040 reverenter
1298 2983 1559 3059 accipiat,
1585 2996 1756 3059 atque
1782 3003 1913 3040 cum
1944 2983 2333 3041 benevolentia
2362 3002 2465 3059 pro
2493 3001 2655 3058 posse
2683 3000 2791 3038 suo
2823 2975 3121 3038 efficaciter

418 3070 748 3146 adimpleam
800 3082 857 3130 et
888 3072 1056 3145 juxta
1095 3072 1346 3129 officium
1388 3094 1557 3132 suum
1597 3069 1839 3133 fideliter
1879 3086 2204 3149 exequatur.
2298 3073 2460 3138 Item,
2501 3066 2654 3147 quod
2689 3071 3121 3128 Comeitutiones

419 3161 712 3234 Synodales
761 3183 863 3240 per
905 3164 1199 3239 episcopos
1229 3164 1585 3238 Eystetenses
1626 3165 1818 3230 factas,
1845 3164 2041 3231 editas,
2069 3165 2162 3222 vel
2202 3162 2541 3238 approbatas
2579 3158 2817 3219 firmiter
2843 3162 3119 3227 observet,

413 3264 464 3309 et
506 3253 575 3310 ab
618 3255 745 3312 aliis
791 3255 1169 3313 confratribus
1220 3254 1311 3311 sui
1359 3255 1652 3317 hetanatstss
1685 3256 1885 3329 jubeat
1938 3249 2348 3313 inviolabiliter
2390 3252 2694 3317 observari,
2744 3250 2890 3308 illud
2945 3251 3118 3307 etiam

412 3344 781 3404 observabunt
822 3342 1010 3407 uetant
1052 3343 1286 3412 mults,
1317 3356 1383 3401 ut
1421 3347 1881 3421 quandocunque
1914 3348 2081 3420 juxta
2121 3343 2593 3402 consuetudinem
2632 3342 2926 3417 antiquam
2968 3361 3116 3418 pres-

412 3434 604 3510 byteri,
631 3448 731 3494 aut
772 3437 969 3495 clerici
1008 3438 1254 3510 alicujus
1293 3435 1589 3501 betauatfiss
1630 3434 1803 3495 semel
1830 3449 1932 3495 aut
1958 3433 2041 3494 bis
2069 3436 2130 3493 in
2158 3454 2311 3492 anno
2339 3433 2703 3499 conveniunt,
2733 3433 2816 3490 eis
2841 3451 2957 3489 non
2984 3452 3115 3491 con-

409 3526 604 3583 cedant
627 3526 922 3586 recedendi
945 3527 1254 3594 licentiam,
1270 3527 1383 3584 nisi
1410 3547 1600 3586 coram
1629 3529 1896 3587 omnibus
1924 3528 2085 3585 illius
2111 3523 2404 3586 betauatfiss
2430 3522 2646 3580 clericis
2674 3526 2791 3581 haec
2819 3524 3118 3600 praesentia

409 3618 709 3692 Synodalia
734 3621 964 3677 Statuta
991 3614 1222 3694 publice
1262 3619 1411 3675 lecta
1436 3618 1667 3687 fuerint,
1696 3630 1764 3676 ut
1792 3620 1873 3677 sic
1911 3639 2011 3696 per
2052 3617 2347 3694 repetitam
2381 3613 2646 3672 notitiam
2688 3615 2761 3672 ad
2810 3615 3115 3673 eorundem

408 3707 816 3769 observantiam
844 3704 1120 3768 efficacius
1147 3709 1508 3767 inducantur.
1589 3710 1654 3768 Si
1678 3712 1819 3785 quid
1854 3711 2027 3769 etiam
2062 3707 2395 3784 quaestionis
2421 3718 2477 3764 et
2513 3706 2865 3765 difficultatis
2894 3728 3115 3784 magnae

410 3799 471 3855 in
496 3802 641 3859 clero
668 3803 774 3860 illo
802 3802 1106 3867 emerserit,
1144 3812 1201 3858 et
1238 3798 1523 3877 praecipue
1567 3803 1637 3859 de
1672 3804 1763 3860 his
1801 3803 1903 3878 qui
1935 3801 2351 3859 concubinatus
2390 3799 2625 3875 publici,
2656 3800 2752 3857 vel
2784 3800 2918 3858 aliis
2953 3820 3112 3857 enor-

407 3889 593 3948 mibus
616 3892 970 3957 criminibus,
1000 3902 1143 3967 puta
1168 3893 1414 3961 haeresis,
1442 3894 1898 3969 irregularitatis,
1917 3892 2237 3970 apostasiae,
2259 3890 2533 3956 simoniae,
2555 3891 2789 3965 perjurii
2817 3891 3043 3956 notorii,
3060 3901 3114 3947 et

406 3980 688 4041 similibus
731 3994 865 4042 sunt
909 3983 1132 4049 irretiti,
1157 3995 1259 4040 aut
1304 3980 1453 4042 alias
1497 3985 1833 4042 scandalum
1874 4007 2048 4063 grave
2089 3996 2361 4061 generant
2396 3983 2459 4041 in
2500 3984 2736 4058 popu10‚
2763 3984 2868 4041 hoc
2904 3982 3114 4055 absque

405 4076 562 4129 mora
588 4074 733 4132 infra
761 4075 937 4133 unius
964 4074 1173 4132 mensis
1200 4076 1450 4150 spatium
1485 4076 1708 4141 nostris,
1737 4078 1830 4134 vel
1866 4076 2068 4134 vicarii
2104 4076 2282 4134 nostri
2317 4074 2555 4133 auribus
2591 4086 2792 4132 curent
2831 4073 3109 4135 intimare,

401 4160 653 4238 alioquin
679 4160 835 4223 seciis
862 4162 1222 4243 negligenter
1247 4167 1515 4227 facientes
1544 4171 1716 4244 poenfi
1743 4167 2137 4244 suspensionis
2164 4163 2203 4225 ὲ,
2233 4166 2462 4232 divinis,
2490 4177 2546 4224 et
2579 4165 2926 4241 pecuniaria,
2954 4163 3106 4221 vide-

402 4255 542 4311 licet
567 4256 771 4332 viginti
796 4257 1054 4333 quinque
1080 4262 1422 4318 florenorum
1449 4260 1520 4319 de
1548 4262 1752 4319 Rheno
1782 4260 1996 4335 absque
2022 4260 2351 4318 remissione
2379 4256 2803 4314 mulctabimus.

2124 4352 2236 4409 CC.
2264 4348 2610 4410 Germanice,
2635 4345 2800 4402 Tom.
2820 4362 2872 4399 v.
2903 4360 2956 4417 p.
2975 4340 3106 4397 374.
