3882 5037
796 428 947 499 306
1573 420 2340 501 appamia—ctomtnmtal
2369 420 2739 487 worumnus.
3256 430 3446 501 [Pmr
3469 432 3515 487 1,

799 631 1190 690 continentur:
1230 639 1297 686 ut
1337 638 1528 685 autem
1570 647 1688 686 non
1730 637 1955 683 tantum
1995 623 2244 685 ecclesiae
2286 622 2654 698 parochiales,
2695 622 2793 679 sed
2832 633 2890 679 et
2929 625 3152 691 sacella,
3196 638 3253 684 et
3293 628 3516 704 reliqua

798 724 1073 782 beneficia
1106 720 1503 786 ecclesiastica,
1543 730 1669 795 post
1704 718 1985 791 ejusmodi
2026 719 2287 791 elapsum
2322 734 2587 781 mensem,
2613 713 2805 773 debito
2839 734 2956 772 non
2998 715 3331 775 fraudentur
3364 722 3521 778 obse-

799 814 956 888 quio,
984 814 1195 872 eisdem
1219 806 1439 873 uetanis
1460 809 1842 886 praecipiendo
1869 809 2249 885 injungimus,
2271 816 2338 863 ut
2353 805 2547 863 eodem
2576 804 2760 879 primo
2779 825 2972 864 mense
2990 808 3205 884 elapso,
3223 809 3273 866 si
3293 810 3520 869 interim

803 905 954 963 nulli
978 905 1083 962 alii
1112 903 1425 981 presbyteri
1451 903 1534 961 eis
1562 900 1961 978 praeficiautur,
1988 898 2357 965 considerent,
2383 916 2500 973 quo
2538 908 2719 972 pacto,
2746 908 2802 955 et
2827 916 2927 974 per
2949 918 3112 972 quos,
3141 902 3394 959 ecclesiis
3422 924 3521 961 seu

803 995 1093 1055 beneficiis
1120 994 1471 1059 vacantibus,
1499 993 1692 1051 debita
1727 991 2044 1050 ministeria
2079 990 2333 1066 impendi
2363 990 2607 1055 valeant,
2634 989 2806 1064 idque
2841 1009 2940 1067 per
2981 1010 3057 1057 se,
3089 993 3182 1049 vel
3217 994 3366 1051 alios
3400 993 3523 1052 ido-

806 1108 959 1154 neos,
986 1087 1034 1144 si
1076 1086 1313 1163 reperiri
1355 1084 1593 1161 possint,
1620 1083 1749 1141 fieri
1788 1083 2064 1141 efficiant:
2106 1082 2188 1140 ita
2216 1093 2422 1149 tamen,
2448 1092 2515 1138 ut
2542 1080 2637 1138 illi
2663 1081 3087 1139 commissiones
3115 1102 3216 1140 seu
3244 1083 3523 1154 inducias,

805 1198 977 1255 super
1003 1178 1092 1245 iis,
1120 1173 1159 1234 a
1183 1177 1369 1243 nobis,
1396 1178 1489 1234 vel
1516 1177 1732 1234 vicario
1770 1186 1984 1241 nostro,
2012 1176 2121 1232 sub
2157 1177 2326 1250 poenss⁴
2365 1173 2427 1230 in
2459 1191 2571 1238 eos,
2599 1171 2701 1247 qui
2733 1171 2797 1229 in
2832 1171 3036 1230 alienis
3067 1176 3317 1234 ecclesiis
3354 1177 3525 1234 mini-

807 1281 1000 1337 strant,
1029 1270 1354 1336 constituta,
1385 1280 1579 1346 petant
1615 1282 1671 1327 et
1707 1268 2001 1344 recipiant,
2029 1285 2234 1342 easque
2263 1264 2364 1322 ubi
2392 1264 2790 1341 expiraverint,
2814 1276 2871 1322 et
2896 1264 3126 1324 interim
3153 1270 3407 1327 ecclesiis
3434 1272 3523 1328 vel

807 1362 1097 1421 beneficiis
1126 1361 1418 1439 provisum
1444 1382 1560 1420 non
1590 1361 1780 1427 fuerit,
1807 1359 2068 1418 renovari
2096 1369 2313 1416 curent.

888 1474 990 1512 ιιι.
1033 1455 1216 1512 Porro
1241 1449 1427 1514 berani
1466 1452 1733 1510 mandata
1765 1462 1821 1509 et
1858 1470 2153 1527 processus
2185 1454 2425 1514 nostros,
2451 1447 2784 1522 vicariique,
2810 1458 2868 1504 et
2903 1449 3163 1507 officialis
3189 1462 3524 1520 nostrorum,

810 1566 913 1623 pro
948 1557 1201 1621 tempore
1236 1545 1618 1610 existentium,
1646 1537 1889 1600 maxime
1926 1552 2124 1599 contra
2160 1540 2463 1599 confratres
2498 1558 2649 1604 suos,
2678 1533 2991 1597 reverenter
3032 1552 3090 1597 et
3126 1538 3369 1600 fideliter
3400 1565 3526 1602 exe-

807 1650 1077 1714 quantur,
1119 1658 1301 1712 neque
1340 1637 1536 1712 aliqua
1574 1635 1937 1694 excusatione
1978 1653 2038 1691 se
2080 1633 2226 1690 tueri
2270 1641 2642 1708 praesumant:
2682 1631 2779 1687 sed
2817 1627 3242 1707 quamprimum
3282 1655 3348 1692 ea
3388 1634 3528 1711 ipsis

810 1740 1144 1807 praesentata
1183 1729 1417 1794 fuerint,
1455 1723 1609 1785 i'nfra
1648 1738 1874 1801 tempus
1914 1724 2191 1789 debitum,
2234 1718 2542 1782 secundiun
2583 1722 2697 1780 loci
2739 1722 3086 1792 distantiam,
3126 1726 3526 1793 sacerdotibuS,

809 1831 1007 1879 contra
1044 1840 1189 1895 quos
1229 1839 1297 1877 ea
1336 1820 1556 1877 decreta
1595 1818 1823 1886 fuerint,
1862 1817 2250 1876 executionem
2290 1815 2557 1880 scribant,
2599 1814 2794 1888 eisque
2832 1814 3026 1890 copias
3065 1838 3198 1875 cum
3245 1820 3526 1876 executio·

810 1913 983 1971 nibus
1020 1907 1059 1968 a
1097 1923 1256 1988 tergo
1296 1912 1553 1988 signatis,
1597 1930 1697 1987 per
1724 1911 1986 1984 juratum
2020 1907 2310 1985 pedellum
2346 1902 2575 1981 apstuli
2609 1905 2719 1971 sui,
2757 1906 2831 1962 ad
2873 1926 3009 1964 eum
3050 1908 3217 1975 diem,
3253 1910 3314 1967 in
3355 1931 3526 1985 quem

810 2005 1165 2063 executiones
1192 2003 1522 2077 hujusmodi
1550 2002 1893 2078 scripserint,
1922 2001 2166 2059 mittant.
2248 1999 2418 2064 Quod
2446 2000 2494 2056 si
2520 1997 2854 2072 hujusmodi
2881 2017 3193 2074 processus,
3214 2002 3286 2058 ad
3314 2001 3530 2060 instan-

809 2100 946 2157 tiam
984 2098 1285 2175 sigilliferi,
1321 2094 1547 2161 fiscalis,
1590 2095 1683 2151 vel
1720 2093 1970 2150 aliorum
2010 2091 2340 2150 officialium
2388 2103 2713 2149 nostrorum
2757 2091 3004 2148 emanati
3053 2091 3285 2159 fuerint,
3316 2095 3534 2169 absque

809 2190 1118 2248 eorundem
1145 2189 1435 2266 expensis;
1483 2186 1532 2244 si
1558 2196 1755 2244 autem
1795 2185 1867 2241 ad
1907 2183 2237 2242 instantiam
2267 2182 2618 2258 privatarum
2649 2200 3037 2257 personarum,
3067 2202 3201 2240 cum
3230 2185 3534 2243 moderatis

809 2282 1085 2357 expensis,
1128 2282 1310 2340 eidem
1360 2277 1584 2355 pedello
1637 2275 1939 2342 solvendis,
1989 2273 2253 2332 videlicet
2303 2292 2399 2331 sex
2444 2272 2735 2330 cruciferis
2783 2291 2886 2348 pro
2934 2274 3183 2331 milliari.
3266 2277 3535 2335 Nuncios

809 2385 1049 2440 nostros,
1097 2393 1228 2430 cum
1278 2371 1493 2429 talibus
1542 2368 1899 2444 processibus
1949 2366 2023 2423 ad
2069 2385 2163 2424 eos
2212 2364 2519 2430 venientes,
2566 2361 2813 2441 benig-ne
2867 2363 3159 2439 recipiant,
3205 2388 3416 2442 eosque
3461 2370 3537 2426 ab

812 2466 1034 2525 insidiis
1060 2481 1556 2540 quorumcunque,
1583 2454 1862 2535 quantum
1899 2459 1962 2516 in
2002 2458 2084 2517 eis
2127 2457 2315 2524 fuerit,
2345 2467 2659 2533 protegant,
2687 2475 2872 2531 neque
2899 2476 2993 2513 eos
3019 2458 3224 2531 quovis
3254 2460 3439 2528 modo,
3470 2472 3538 2517 ut

813 2560 875 2616 in
911 2559 1111 2616 itinere
1153 2555 1525 2619 offendantur,
1565 2553 1823 2628 prodant,
1858 2553 1954 2610 sed
1986 2550 2205 2609 auxilio
2240 2562 2297 2608 et
2333 2549 2573 2607 consilio
2610 2549 2742 2614 sint,
2775 2567 2894 2623 quo
2930 2559 3055 2607 tuto
3089 2550 3324 2609 domum
3355 2552 3538 2610 redire

816 2648 1050 2723 possint.
1133 2648 1345 2703 Contra
1379 2657 1572 2702 autem
1606 2644 1972 2720 prohibemus
2005 2638 2194 2700 severe
2233 2641 2476 2718 pedellis
2517 2652 2572 2699 et
2607 2641 2832 2698 nunciis
2869 2642 3094 2709 nostris,
3121 2663 3194 2701 ne
3229 2664 3265 2701 a
3296 2641 3537 2711 enanis,

816 2738 1152 2803 camerariis,
1201 2738 1292 2794 vel
1338 2737 1468 2794 aliis
1512 2736 1723 2803 invitis,
1768 2756 1951 2804 esum,
2000 2745 2215 2810 potum,
2264 2735 2356 2791 vel
2404 2731 2780 2790 diversorium
2824 2733 3073 2809 exigant,
3115 2747 3218 2792 aut
3256 2737 3381 2794 ulla
3420 2739 3539 2795 alia

818 2829 1074 2886 molestia
1101 2848 1194 2885 eos
1220 2828 1483 2885 afficiant.

898 2938 1028 2979 x111.
1069 2915 1338 2981 metantis
1379 2928 1589 2983 caveat,
1621 2937 1693 2976 ne
1735 2937 1795 2975 se
1836 2917 2176 2975 intromittat
2216 2916 2286 2974 de
2315 2913 2630 2990 judicando
2665 2914 2818 2972 inter
2846 2917 3151 2975 confratres
3186 2937 3339 2983 suos,
3371 2937 3545 2993 super

818 3009 1130 3076 discordiiS,
1169 3030 1272 3067 seu
1307 3009 1637 3067 differentiis
1673 3028 2149 3084 quarumcunque
2190 3026 2526 3074 causarum3
2582 3007 2679 3065 sed
2723 3008 2773 3064 si
2816 3008 2929 3083 ipsi
2973 3008 3119 3066 inter
3161 3028 3236 3074 se,
3271 3010 3366 3066 vel
3408 3028 3541 3065 cum

818 3100 965 3167 aliis,
994 3101 1211 3159 ratione
1231 3101 1596 3167 decimarum,
1613 3120 1938 3159 annuorum
1961 3101 2270 3166 redituum,
2292 3099 2650 3173 injuriarum,
2679 3110 2735 3157 et
2753 3100 3001 3157 aliarum
3021 3121 3229 3167 rerum,
3259 3100 3544 3159 discordes

818 3194 1047 3260 fuerint,
1093 3214 1188 3253 eos
1230 3194 1304 3251 ad
1348 3193 1599 3251 tribunal
1644 3205 1904 3251 nostrum
1948 3193 2387 3252 ecclesiasticum
2431 3191 2697 3248 remittat.
2780 3192 2894 3249 Per
2938 3193 3041 3249 hoc
3090 3201 3281 3248 tamen
3325 3190 3380 3248 ei
3424 3212 3543 3249 non

821 3287 1124 3354 inhibetur,
1172 3287 1317 3362 quin
1357 3286 1507 3343 inter
1544 3286 1867 3353 confratreS,
1912 3286 2063 3344 vices
2112 3304 2243 3343 suas
2300 3283 2639 3350 amicabiles,
2689 3282 3060 3358 interponere,
3110 3302 3318 3357 eosque
3362 3279 3543 3340 amice

822 3379 1159 3438 concordare
1195 3378 1384 3455 possit,
1416 3372 1659 3434 maxime
1692 3377 1754 3434 in
1787 3378 1972 3435 causis
2004 3377 2398 3435 auctoritatem
2437 3384 2690 3432 nostram
2721 3373 3066 3431 ordinariam
3098 3393 3214 3431 non
3251 3374 3542 3448 requiren-

825 3472 998 3538 tibus,
1019 3482 1087 3528 ut
1107 3481 1242 3528 sunt
1263 3469 1485 3544 injuriae
1505 3479 1560 3527 et
1580 3488 1764 3526 causae
1786 3469 2120 3543 prophanae:
2165 3468 2227 3525 in
2253 3466 2657 3524 ecclesiasticas
2678 3460 2830 3532 vero,
2852 3465 3200 3523 decimarum
3229 3466 3543 3531 redituum,

824 3563 1122 3628 bonorum,
1146 3562 1506 3637 praediorum,
1537 3571 1595 3617 et
1623 3580 1810 3618 rerum
1845 3559 2283 3624 beneficialium,
2312 3576 2525 3622 causas,
2555 3576 2614 3614 se
2640 3556 2810 3614 etiam
2835 3557 3122 3615 amicabili
3149 3558 3544 3623 transactione,

825 3653 1198 3711 intromittere
1235 3653 1405 3710 nullo
1438 3651 1606 3709 modo
1643 3662 1981 3728 praesumat:
2039 3671 2171 3707 cum
2207 3650 2343 3725 ipse,
2369 3648 2580 3722 absque
2617 3649 2906 3707 ordinaria
2940 3655 3131 3708 nostra
3163 3650 3542 3716 concessione,

826 3745 930 3802 uni
957 3745 1295 3802 beneficium
1321 3743 1559 3809 auferre,
1589 3753 1648 3801 et
1673 3744 1838 3801 alteri
1868 3744 2019 3811 dare,
2050 3760 2408 3817 nequaquam
2439 3741 2631 3815 possit,
2661 3754 2716 3800 et
2741 3743 2944 3800 valeat.

905 3854 1018 3892 x1v.
1060 3834 1328 3898 Bttanuss
1368 3854 1596 3910 quoque
1633 3854 1749 3892 nou
1792 3835 2043 3910 patiatur
2068 3853 2398 3909 quenquam
2425 3832 2782 3890 sacerdotum
2808 3854 2996 3892 coram
3015 3832 3237 3906 judicio
3263 3832 3543 3898 saeculari,

827 3929 1026 3985 saltem
1066 3928 1127 3985 in
1169 3931 1407 4002 persona
1446 3929 1557 3993 red,
1586 3946 1923 4003 comparere,
1967 3938 2024 3984 et
2062 3926 2249 3982 multo
2289 3923 2480 3980 minus
2521 3924 2646 3999 ipse
2687 3936 3036 4001 compareat:
3080 3944 3175 3983 eos
3203 3943 3339 3982 vero
3366 3944 3545 3982 sacer-

827 4018 1000 4086 dotes,
1031 4018 1132 4094 qui
1170 4018 1358 4076 taliter
1388 4019 1451 4077 in
1484 4022 1723 4094 persona
1753 4019 1847 4074 refi
1885 4016 2317 4091 comparuerint,
2345 4034 2477 4072 mox
2512 4017 2585 4073 ab
2622 4017 2779 4074 omni
2811 4016 3127 4074 ministerio
3166 4014 3547 4074 eeclesiastico

826 4109 1151 4185 suspendat,
1184 4130 1367 4184 neque
1398 4113 1465 4169 est
1498 4114 1670 4167 causa
1710 4128 2051 4184 suspensum
2091 4106 2295 4182 quovis
2338 4106 2506 4164 modo
2545 4108 2618 4163 ad
2650 4108 2820 4166 officii
2852 4109 2945 4166 sui
2985 4107 3402 4166 excusationem
3445 4105 3546 4163 ad—

828 4201 1031 4267 mittat,
1061 4200 1157 4259 sed
1184 4222 1317 4259 eum
1343 4201 1415 4260 ad
1442 4221 1562 4268 nos»,
1590 4203 1682 4259 vel
1710 4200 1988 4258 vicarium
2029 4211 2307 4266 nostrum,
2336 4217 2469 4255 cum
2499 4199 2669 4276 plena
2696 4199 2827 4257 facti
2855 4198 3270 4264 informatione,
3299 4198 3543 4273 punien-

826 4294 965 4350 dum
995 4293 1258 4350 remittat.
