3882 5037
849 492 997 562 326
1626 493 2390 572 &paenula—OEommaental
2421 497 2788 560 Dommmts.
3303 496 3494 568 [Pu-r
3518 496 3565 551 Ι.

848 685 1005 766 prius
1032 686 1069 748 a
1096 693 1324 768 proprio
1365 695 1597 752 illorum
1639 696 1880 771 parocho
1921 695 2152 754 licentia
2178 696 2572 756 administrare
2603 692 3042 773 praesumpserit,
3070 703 3170 750 aut
3199 692 3272 750 ab
3297 691 3566 750 eccelesia

849 780 1176 857 frequenter
1209 804 1330 843 sese
1372 785 1780 854 absentaverit;
1836 787 1885 844 si
1921 788 2053 861 quis
2095 787 2316 847 etiamsi
2350 785 2518 865 penes
2555 809 2715 846 suam
2757 786 3049 846 ecclesiam
3091 784 3349 849 resideat,
3385 782 3568 841 officia

850 883 1035 930 tamen
1064 875 1260 932 divina
1285 874 1570 954 praecipue
1610 879 1685 936 ad
1724 878 2155 937 instructionem
2198 880 2401 956 populi
2439 881 2756 946 concioneS‚
2786 890 2842 936 et
2869 878 3197 942 catecheses,
3225 896 3340 935 nec.
3362 895 3463 951 per
3489 894 3564 939 se,

849 983 953 1021 nec
984 985 1086 1040 per
1114 968 1485 1026 substitutum
1514 970 1770 1047 peragit3
1824 971 2030 1046 siquis
2056 970 2436 1046 obligationes
2466 973 2765 1030 missarum
2793 991 2861 1028 ex
2890 968 3220 1027 fundatione
3244 985 3360 1023 non
3384 961 3564 1021 adim-

850 1058 984 1132 plet,
1004 1057 1152 1129 jura,
1181 1059 1440 1126 decimas,
1479 1080 1702 1127 census,
1736 1060 1991 1136 aliosque
2029 1073 2333 1138 proventus
2370 1065 2624 1122 ecclesiae
2671 1083 2787 1120 suae
2825 1061 3023 1137 vigore
3060 1057 3372 1134 juramenti
3414 1055 3565 1112 circa

852 1144 1264 1218 institutionem
1301 1151 1390 1208 sui
1433 1153 1669 1228 praestiti
1703 1153 1989 1210 vindicare
2024 1164 2127 1210 aut
2164 1154 2425 1229 negligit,
2452 1166 2554 1212 aut
2587 1154 2656 1212 de
2684 1172 2833 1211 anno
2859 1152 2921 1209 in
2950 1170 3165 1210 annum
3195 1147 3479 1213 retardat3
3518 1146 3568 1203 si

850 1236 979 1313 quis
1008 1242 1319 1309 ecclesiam,
1348 1244 1442 1300 cui
1473 1255 1687 1319 praeest,
1716 1244 2068 1319 oedificiaque
2108 1245 2436 1320 plebanalia
2475 1245 2539 1303 in
2579 1244 2982 1303 desolationem
3013 1243 3239 1300 tendere
3272 1237 3563 1315 permittit,

854 1329 1055 1387 ruinis·
1077 1330 1408 1409 tempestive
1449 1354 1564 1393 non
1605 1335 1971 1401 occurrendo,
2000 1356 2105 1394 nec
2149 1346 2298 1393 sarta
2339 1347 2489 1394 tecta
2517 1356 2619 1412 pro
2648 1356 2812 1412 posse
2838 1330 3239 1396 conservand0‚
3264 1339 3383 1394 aut,
3410 1326 3564 1401 quod

850 1421 1011 1495 pejus
1038 1435 1139 1489 est,
1171 1424 1338 1492 bona,
1368 1426 1623 1494 aedificia,
1646 1427 1868 1493 fundos,
1898 1437 2320 1504 proventusque
2367 1427 2771 1486 ecclesiasticos
2816 1430 3092 1502 (quorum
3127 1443 3245 1481 non
3281 1420 3564 1483 dominus,

849 1520 904 1567 et
940 1512 1133 1581 haeres,
1170 1517 1267 1573 sed
1308 1518 1729 1576 administrator
1769 1531 1825 1576 et
1870 1519 2226 1596 dispensator
2273 1522 2383 1590 est)
2427 1519 2662 1595 dissipat
2702 1529 2759 1576 et
2806 1517 3097 1594 dilapidat.
3179 1513 3241 1570 Si
3284 1511 3385 1587 qui
3428 1511 3564 1567 DD.

849 1601 1111 1671 haeredes,
1147 1617 1204 1663 et
1255 1627 1601 1683 possessores
1638 1609 1936 1676 bonorum,
1973 1630 2152 1667 novas
2188 1611 2440 1667 colonias
2479 1610 2891 1668 introducendo
2925 1608 3184 1667 homines
3227 1601 3566 1660 acatholicos

849 1692 1106 1762 fundant,
1133 1709 1235 1755 aut
1261 1701 1303 1756 J
1307 1700 1455 1758 udaei
1490 1700 1756 1758 mulieres
1786 1701 2136 1758 Christianas
2172 1701 2234 1759 in
2272 1702 2561 1777 obsequiis
2598 1701 2718 1759 suis
2757 1701 2963 1767 fovere,
2990 1700 3109 1758 dies
3139 1697 3312 1754 festos
3347 1693 3563 1751 violare

849 1801 1212 1860 praesumant,
1240 1793 1407 1849 talem
1447 1792 1565 1849 sive
1598 1793 1754 1858 tales,
1783 1791 2101 1866 iisdemque
2129 1792 2343 1851 similes
2369 1793 2615 1869 quilibet
2639 1796 2877 1857 betanus
2906 1812 2974 1852 ex
3003 1810 3110 1848 suo
3133 1790 3421 1851 bttauatu,
3445 1784 3563 1841 imo

849 1877 1020 1935 etiam
1061 1900 1129 1937 ex
1162 1881 1367 1948 vicino,
1403 1883 1452 1940 ai
1490 1884 1589 1940 ille
1623 1883 1925 1959 negligens
1963 1883 2157 1950 suerit,
2196 1885 2270 1942 ad
2301 1905 2423 1952 nos,
2457 1887 2553 1943 vel
2601 1885 2890 1944 officialem
2936 1894 3193 1942 nostrum
3240 1875 3564 1955 generalem

848 1966 1184 2044 quantocius
1210 1974 1429 2032 deferre
1458 1984 1699 2032 tenetur.

930 2061 1013 2117 Ut
1038 2075 1231 2122 autem
1257 2066 1500 2141 quilibet
1530 2068 1768 2130 betanus
1806 2085 1978 2142 super
2013 2066 2280 2125 hactenus
2305 2068 2668 2135 enumeratis,
2696 2078 2753 2125 et
2782 2067 3068 2125 similibus
3096 2060 3274 2140 possit
3301 2079 3360 2116 se
3389 2051 3563 2133 priiis,

849 2161 905 2208 et
936 2152 1139 2212 deinde
1174 2175 1278 2213 nos
1313 2155 1501 2216 debite
1540 2157 1862 2224 informare,
1894 2158 1964 2216 de
2002 2158 2160 2216 facili
2191 2159 2251 2217 id
2288 2171 2636 2235 assequetur,
2671 2159 2720 2216 si
2757 2159 2966 2216 bonam
2997 2166 3054 2213 et
3091 2154 3399 2211 fraternam
3433 2168 3562 2206 eum

848 2244 1300 2311 tonhetanalt'buss
1340 2249 1457 2307 suis
1498 2251 1744 2307 tenuerit
1783 2270 2003 2327 semper
2042 2251 2567 2328 cointelligentiam,
2594 2261 2650 2308 et
2690 2243 3256 2326 correspondentiam,
3284 2241 3381 2299 sed
3408 2251 3466 2297 et
3493 2259 3563 2297 ex

847 2336 1027 2393 altera
1069 2350 1226 2413 parte
1269 2351 1385 2397 tam
1425 2342 1675 2417 parochi,
1700 2336 1876 2415 quam
1905 2341 2025 2406 alii,
2055 2342 2386 2417 quicunque
2414 2342 2835 2408 commendarii,
2864 2338 3083 2401 vicarii,
3112 2334 3358 2392 ministri
3386 2332 3562 2390 eccle·

846 2425 1081 2496 siarum,
1111 2427 1228 2489 imo
1257 2433 1558 2491 universus
1595 2433 1757 2491 illius
1797 2426 2093 2495 betauatfiss
2134 2436 2375 2510 populos
2416 2444 2652 2510 oportet,
2681 2444 2748 2489 ut
2785 2436 3017 2493 betanus
3044 2448 3175 2487 suos
3201 2421 3564 2485 convenienti

846 2515 1059 2579 honore
1111 2538 1540 2599 prosequantur,
1597 2526 1961 2600 debitamque
2023 2526 2140 2583 illis
2202 2526 2582 2584 obedientiam
2629 2536 2904 2602 praestent,
2960 2522 3105 2583 nihil
3160 2541 3256 2580 eos
3309 2515 3564 2581 celando,

843 2611 1278 2671 sciscitabantur
1309 2634 1411 2690 pro
1442 2636 1549 2673 suo
1583 2617 1783 2684 officio,
1811 2613 2095 2692 quinimo,
2130 2617 2180 2674 si
2216 2618 2356 2693 quid
2394 2617 2534 2675 certi
2569 2637 2700 2674 cum
2736 2616 2901 2694 gravi
2933 2615 3148 2673 offensa
3185 2610 3314 2676 Dei,
3352 2607 3564 2682 injuria

845 2703 1108 2770 ecclesiae,
1142 2716 1243 2761 aut
1287 2707 1530 2781 proximi
1570 2708 1780 2783 aliquis
1825 2709 2075 2776 sciverit,
2111 2707 2292 2765 eidem
2330 2728 2446 2766 non
2490 2709 2621 2766 odio
2657 2728 2928 2785 personae,
2966 2706 3062 2765 sed
3103 2722 3295 2762 amore
3328 2700 3564 2776 justitiae

844 2791 1060 2849 deferre
1089 2805 1326 2853 tenetur.

925 2883 1273 2942 Convocabit
1302 2906 1531 2963 quoque
1567 2888 1777 2965 praevio
1814 2909 2081 2965 processu
2112 2890 2353 2964 quilibet
2383 2892 2623 2952 bttanuss
2650 2908 2862 2955 omnes,
2891 2906 3261 2963 quoscunque
3287 2883 3379 2941 sui
3405 2886 3561 2941 beta-

843 2963 1014 3035 uatfiss
1060 2974 1421 3037 beneficiatos
1469 2980 1775 3038 directores
1829 2981 2171 3047 scholarum,
2214 2992 2485 3048 cantoreS,
2523 2980 2875 3055 organarios,
2911 2991 2967 3036 et
3008 2979 3154 3036 alios
3199 2976 3564 3035 ecelesiarum

844 3063 1147 3133 ministros,
1182 3086 1282 3143 pro
1308 3070 1755 3147 congregatione
1793 3069 2038 3132 bannali
2079 3072 2168 3129 bis
2207 3071 2271 3129 in
2308 3092 2461 3130 anno
2502 3070 2857 3136 celebranda,
2888 3068 3105 3128 scilicet
3145 3077 3272 3145 post
3299 3067 3565 3125 Domini-

844 3177 968 3213 cam
1011 3160 1316 3219 secundam
1360 3173 1485 3238 post
1513 3162 1732 3221 Pascha
1771 3164 1834 3221 in
1874 3164 2202 3230 crastinum,
2230 3174 2286 3221 et
2324 3174 2454 3239 post
2494 3163 2735 3239 primam
2766 3160 3126 3219 Dominieam
3156 3156 3440 3222 OctobriS,
3469 3156 3563 3214 die

843 3258 969 3324 post
1000 3249 1331 3311 Dominicas
1358 3256 1672 3313 nominatas
1713 3276 1829 3313 non
1865 3255 2154 3332 impedita,
2184 3254 2358 3329 idque
2400 3255 2694 3313 observato
2736 3266 2909 3311 turno
2949 3252 3333 3311 ecclesiarum.
3415 3248 3562 3305 Can·

841 3344 1070 3414 tatssque
1097 3343 1265 3402 missa
1293 3365 1394 3421 pro
1424 3346 1702 3405 defunctis
1729 3348 2127 3414 confratribuS,
2158 3357 2212 3404 et
2246 3348 2428 3404 altera
2469 3347 2538 3404 de
2581 3346 2799 3423 Spiritu
2841 3346 3044 3401 Sancto
3084 3349 3210 3416 post
3249 3335 3566 3393 orationem

844 3429 962 3488 sive
990 3431 1310 3491 discursum
1337 3436 1535 3496 ordine
1575 3457 1678 3513 per
1712 3438 1971 3516 singulos
2000 3438 2273 3516 parochos
2300 3438 2628 3495 habendum
2657 3438 2727 3495 de
2754 3437 2940 3494 causis
2967 3446 3022 3493 et
3047 3428 3330 3491 fructibus
3356 3426 3564 3483 harum

844 3525 1354 3598 congregationum
1378 3529 1754 3603 praehabitum
1777 3525 1979 3588 mutuo
2008 3529 2257 3588 conferat
2280 3547 2412 3585 cum
2441 3527 2713 3585 fratribus
2741 3529 2812 3585 de
2840 3521 3271 3586 occurrentibus
3296 3516 3565 3593 negotiis,

844 3623 945 3668 aut
989 3616 1419 3675 necessitatibus
1460 3620 1840 3687 ecclesiarum,
1871 3633 1927 3679 et
1967 3620 2488 3688 ecclesiasticorum,
2532 3616 2659 3679 tiim
2699 3620 2770 3678 de
2810 3618 3080 3683 moribus,
3107 3615 3396 3671 honestate
3424 3609 3563 3665 vitae

843 3705 1234 3777 parochorum,
1263 3707 1622 3786 aliorumque
1651 3711 2107 3786 presbyterorum
2134 3710 2195 3768 in
2222 3714 2484 3769 betanatu
2524 3731 2630 3769 suo
2670 3709 3048 3774 existentium,
3077 3706 3146 3763 de
3175 3705 3313 3761 cura
3341 3700 3563 3758 anima-

845 3811 989 3859 rum,
1023 3796 1510 3857 administratione
1551 3813 2047 3867 sacramentorum,
2083 3802 2285 3860 decore
2327 3802 2708 3867 ecclesiarum,
2742 3800 3248 3870 ministrorumque
3290 3788 3566 3857 ecclesiae,

845 3883 1150 3957 cujuslibet
1176 3888 1495 3957 sobrietate,
1525 3901 1582 3948 et
1606 3891 1669 3948 in
1697 3890 1937 3950 servitiis
1965 3890 2287 3966 diligentia,
2317 3888 2598 3969 praecipue
2641 3903 2850 3957 autem,
2878 3910 2951 3947 an
2993 3885 3226 3947 decretis
3268 3880 3568 3961 praesentis

842 3975 1044 4048 synodi
1073 3987 1127 4034 et
1155 3979 1606 4038 ordinationibus
1634 3980 1698 4038 in
1725 3981 2149 4040 visitationibus
2180 3982 2523 4059 praescriptis
2551 3982 2903 4039 satisfactum
2932 3979 3121 4037 fuerit.

924 4065 995 4123 In
1033 4068 1210 4127 literis
1246 4071 1807 4131 innotescentialibns
1845 4092 1950 4151 pro
1987 4075 2184 4131 futura
2211 4074 2651 4150 congregatione
2678 4072 3013 4136 intimanda,
3042 4074 3434 4144 proponantur
3458 4080 3569 4137 per

841 4159 1103 4218 hunnum
1149 4162 1260 4220 loci
1307 4175 1420 4221 tres
1463 4166 1800 4239 quaestiones
1845 4168 2108 4234 morales,
2153 4186 2255 4225 seu
2298 4167 2589 4233 casisticae,
2633 4175 2699 4221 ut
2744 4161 2936 4237 quivis
2976 4159 3349 4219 beneficiatus
3395 4173 3564 4211 suam

840 4247 1087 4328 desuper
1122 4253 1183 4310 in
1222 4255 1442 4331 scriptis
1484 4256 1887 4316 resolutionem
1926 4260 1988 4317 in
2032 4258 2257 4335 philyra
2297 4268 2576 4324 connotet,
2606 4275 2721 4314 non
2763 4267 2828 4311 ut
2871 4265 2989 4312 tota
3014 4252 3336 4329 impleatur,
3366 4246 3463 4304 sed
3493 4258 3567 4301 ut

840 4337 1038 4415 postea
1076 4343 1138 4401 in
1180 4364 1361 4402 unum
1399 4348 1667 4406 volumen
1710 4350 2020 4426 redigatur,
2059 4369 2204 4424 quas
2244 4350 2614 4408 resolutiones
2649 4345 2979 4406 nominibus
3018 4354 3072 4402 et
3112 4337 3565 4417 cognominibus
