3882 5037
334 490 496 544 Sam.
518 486 639 559 ΧΙ.]
1189 477 1834 556 &armana—Rimas
1863 480 1921 540 of
1945 479 2164 544 πάττε.
2906 475 3056 546 319

1160 813 1378 871 SECT.
1404 808 1840 874 XL—mocm
1869 809 1927 871 ot
1954 806 2175 872 anns.

566 942 856 1001 Smin-um
885 962 994 1001 roa
1022 940 1224 1006 Beana
1252 939 1445 1003 Ruta!
1473 961 1542 1001 or
1569 959 1684 999 mn
1711 942 1968 999 Dmcnsn
1992 959 2062 997 or
2089 941 2326 1008 Tamus,
2357 960 2430 999 av
2456 940 2832 1001 Aacnmsnoe

1237 1038 1279 1093 J
1285 1054 1430 1094 xum
1457 1053 1528 1091 AB
1555 1033 1731 1099 Emz,
1760 1031 1912 1090 A.D.
1936 1049 2145 1089 maxx.

432 1159 467 1199 1.
505 1142 940 1202 ECCLESIAS
965 1165 1158 1204 omnae
1188 1145 1555 1222 parochiales,
1581 1163 1711 1218 quae
1729 1141 2025 1205 betanatstss
2054 1142 2229 1201 vestri
2255 1142 2470 1200 finibus
2497 1143 2864 1200 continentur
2890 1144 3059 1218 (quo-

347 1255 567 1310 cunque
606 1235 838 1293 nomine
878 1235 997 1292 sive
1027 1236 1161 1309 jure
1201 1247 1555 1301 censeantur,
1586 1234 2104 1310 quomodocunque
2145 1253 2394 1299 anuexae,
2425 1234 2545 1292 sive
2582 1235 2974 1311 incorporatae,
3003 1248 3059 1293 et

348 1347 450 1403 per
485 1345 879 1402 quemcunque
919 1327 1327 1403 gubernentur,
1370 1329 1489 1386 sive
1530 1346 1630 1403 per
1672 1326 1972 1402 proprium
2014 1336 2314 1401 pastorem,
2341 1325 2462 1383 sive
2501 1326 2800 1394 vicarium,
2823 1338 2879 1384 et
2907 1328 3060 1385 hunc

346 1421 466 1477 sive
490 1428 836 1495 perpetuum,
866 1417 985 1475 sive
1011 1421 1404 1490 amovibilem)
1435 1440 1565 1477 cum
1594 1418 1907 1477 rectoribus
1935 1417 2057 1474 suis
2084 1420 2281 1478 betauo
2309 1426 2365 1474 et
2391 1413 2631 1491 tupitulo
2650 1420 2919 1475 volumus
2942 1439 3062 1477 esse

346 1511 635 1585 subjectas,
660 1530 764 1567 nec
790 1510 918 1567 ulla
942 1510 1034 1567 hic
1063 1511 1336 1587 excepti0,
1362 1521 1464 1567 aut
1494 1509 1780 1586 exemptio
1807 1511 2011 1567 valeat.
2091 1509 2178 1566 Ut
2216 1519 2410 1566 autem
2451 1503 2658 1566 certius
2692 1509 3060 1567 ecclesiarum

345 1603 667 1676 hujusmodi
692 1613 864 1677 atque
893 1613 1179 1661 rectorum
1206 1613 1404 1670 status,
1433 1601 1671 1669 vocati0‚
1700 1599 2011 1675 missioque
2050 1611 2425 1676 cognoscatur
2452 1601 2763 1676 (quomodo
2794 1601 2966 1668 enim,
2996 1612 3062 1658 ut

345 1693 426 1750 ait
450 1695 759 1769 apostolus,
789 1694 1197 1769 praedicabunt,
1225 1693 1339 1751 nisi
1367 1693 1694 1763 mittantur)
1724 1694 1993 1750 volumus
2019 1702 2191 1766 atque
2217 1691 2572 1750 decernimus
2600 1704 2791 1751 tenore
2819 1712 3060 1769 praesen-

345 1785 509 1851 tium,
529 1785 814 1842 neminem
842 1786 915 1843 ad
942 1785 1414 1863 gubernationem
1441 1783 1627 1840 ullius
1647 1783 1711 1840 in
1727 1792 1911 1839 vestro
1937 1784 2199 1842 betanatu
2227 1783 2494 1850 ecclesiae,
2512 1794 2614 1841 aut
2634 1783 2707 1840 ad
2727 1783 3063 1849 docendum,

345 1886 446 1932 aut
501 1877 946 1935 ecclesiasticum
1000 1877 1385 1951 quodcunque
1437 1885 1849 1931 sacramentum
1903 1873 2421 1932 administrandum
2489 1875 2732 1942 admitti,
2789 1894 2892 1932 nec
2962 1894 3065 1950 pro

346 1979 582 2043 pastore,
608 1968 839 2036 vim-io,
866 1978 1092 2035 rectore,
1122 1978 1227 2025 aut
1266 1976 1742 2024 sacramentorum
1783 1965 2166 2041 dispensatore
2207 1960 2245 2022 a
2285 1965 2672 2041 synodalibus,
2715 1966 3062 2033 custodibus,

346 2079 411 2116 ac
437 2060 670 2135 popule,
696 2059 770 2116 ad
796 2079 966 2134 quem
993 2059 1260 2125 mittitur,
1290 2057 1541 2134 agnosci,
1570 2076 1637 2114 ac
1667 2057 1846 2132 recipi
1873 2057 2093 2124 debere,
2120 2056 2223 2131 qui
2253 2077 2367 2114 non
2399 2057 2651 2133 primum
2681 2077 2785 2134 pro
2813 2068 3064 2133 tempore

345 2152 540 2208 huam)
566 2150 896 2217 ostenderit,
923 2161 1094 2226 atque
1121 2149 1443 2207 exhibuerit
1472 2158 1678 2224 praeter
1711 2147 1907 2205 literas
1948 2147 2343 2214 institutionis,
2372 2148 2491 2207 sive
2531 2149 2963 2215 commissioniS,
2991 2149 3064 2205 ad

347 2260 739 2317 quemcunque
766 2260 835 2298 ea
860 2243 1156 2318 pertineat,
1178 2253 1441 2300 nostrum
1466 2260 1697 2317 quoque
1726 2239 2000 2315 diploma,
2025 2238 2144 2297 sive
2171 2239 2369 2296 literas
2397 2241 2828 2307 commissionis,
2858 2260 3063 2316 appro-

347 2331 704 2406 bationisque
732 2343 956 2399 nostrae,
985 2334 1046 2391 in
1072 2334 1285 2408 quibus
1311 2332 1462 2390 inter
1488 2342 1691 2389 caetera
1715 2330 2220 2387 commendationis
2247 2340 2454 2387 nostrae
2482 2332 2823 2389 documenta
2855 2331 3060 2406 profes-

347 2422 524 2480 sionis
560 2442 791 2498 quoque
830 2423 961 2482 fidei
1005 2424 1221 2482 mentio
1264 2444 1524 2503 expressa
1567 2425 1684 2491 fiat,
1710 2433 1878 2497 atque
1915 2422 2090 2479 simul
2134 2441 2238 2498 pro
2279 2432 2529 2498 tempore
2568 2426 2768 2484 bttano
2812 2424 3064 2499 praestito

350 2515 597 2591 primum
643 2528 917 2575 consueto
958 2517 1268 2584 fidelitatis,
1297 2528 1353 2574 et
1394 2514 1731 2575 obedientiae
1765 2514 2091 2589 juramento
2123 2514 2222 2588 jus
2260 2513 2529 2585 bannale,
2557 2530 2727 2594 atque
2764 2513 3064 2592 capitulate

343 2606 694 2682 persolverit,
722 2608 878 2682 quod
907 2604 1139 2684 posthac
1165 2609 1516 2667 declaramus
1542 2608 1792 2666 duorum
1819 2607 2163 2664 florenorum
2190 2627 2511 2676 aureorum,
2539 2630 2607 2668 ex
2643 2610 2855 2685 quibus
2896 2608 3064 2666 dimi-

344 2697 536 2754 diatus
575 2697 826 2756 florenus
869 2719 1078 2758 aureus
1119 2698 1378 2777 tupitulo,
1407 2699 1697 2774 reliquum
1737 2701 1933 2758 burano
1979 2698 2176 2756 cedere
2220 2701 2586 2775 praesentium
2631 2712 2824 2760 tenore
2878 2701 3065 2758 decer-

344 2789 556 2854 nimus,
584 2809 700 2847 non
729 2790 1090 2849 obstantibus
1117 2792 1460 2868 privilegiis,
1489 2789 1962 2868 exemptionibus,
1991 2800 2047 2847 et
2074 2792 2583 2851 consuetudinibus
2610 2795 3066 2870 quibuscunque.

425 2899 493 2937 11.
533 2881 693 2938 Idem
719 2902 950 2958 quoque
978 2885 1191 2942 servari
1208 2887 1476 2942 volumus
1505 2884 1567 2941 in
1595 2884 1685 2950 iis,
1704 2884 1754 2941 si
1774 2902 1919 2959 quos
1945 2883 2020 2940 ab
2049 2887 2169 2940 una
2195 2884 2432 2942 ecclesia
2458 2886 2531 2943 ad
2557 2886 2732 2944 aliam
2760 2884 3068 2960 contigerit

344 2974 492 3031 forte
515 2973 824 3031 transferri.
905 2976 1152 3034 Necnon
1180 2985 1237 3033 et
1263 2975 1326 3033 in
1353 2974 1659 3050 religiosis,
1685 2975 1930 3049 aliisque
1968 2975 2411 3050 quibuscunque
2451 2978 2715 3036 ecclesias
2756 2977 3067 3052 quomodo-

344 3084 571 3138 cunque
599 3066 986 3141 incorporatas
1016 3067 1373 3145 regentibus,
1401 3085 1546 3142 quos
1587 3065 1699 3123 nisi
1740 3076 1944 3142 praeter
1984 3066 2180 3124 literas
2209 3067 2623 3127 commissionis
2651 3069 2984 3136 ordinarias,
3012 3077 3069 3125 et

348 3167 642 3214 consuetas
691 3169 899 3216 nostrae
951 3158 1377 3235 approbationis
1431 3156 1821 3215 testimonium
1873 3157 2256 3224 exhibuerint,
2311 3169 2367 3216 et
2419 3159 2659 3233 reliqua,
2713 3178 2844 3234 quae
2895 3177 3068 3233 supra

348 3259 656 3305 memorata
699 3260 852 3316 sunt,
897 3250 1280 3325 praestiterint,
1323 3248 1598 3306 nolumus
1640 3269 1677 3305 a
1718 3250 1933 3314 Batauo,
1978 3243 2239 3322 εεῃίῒιιῑο,
2283 3249 2670 3325 synodalibus,
2716 3250 3066 3315 custodibus,

350 3340 676 3415 populoque
705 3359 812 3416 pro
840 3341 1121 3416 legitimis
1148 3340 1462 3399 rectoribus
1491 3339 1685 3415 recipi,
1713 3351 1885 3415 atque
1910 3339 2155 3396 admitti.

432 3447 516 3487 111.
555 3429 678 3488 Hos
718 3449 914 3490 omnes
951 3432 1050 3499 ita,
1078 3441 1144 3489 ut
1183 3431 1401 3488 dictum
1440 3442 1541 3498 est,
1570 3431 1790 3498 missos,
1833 3429 2141 3495 institutos,
2182 3439 2239 3486 et
2277 3430 2622 3505 approbatos
2662 3430 2929 3489 volumus
2971 3450 3070 3506 per

350 3524 607 3580 bannum
636 3523 725 3579 bis
754 3522 1002 3599 singulis
1028 3522 1195 3579 annis
1234 3521 1587 3598 temporibus
1628 3521 1867 3588 idoneiS,
1897 3532 1953 3579 et
1977 3520 2050 3578 ad
2078 3520 2183 3578 hoc
2210 3519 2521 3596 praefinitis,
2552 3522 2644 3577 vel
2672 3515 2710 3577 a
2736 3521 2901 3579 nobis
2929 3539 3070 3597 prae-

353 3613 615 3670 finiendis
641 3612 947 3671 convocari
974 3613 1047 3670 ad
1073 3610 1544 3688 tongttgationem
1574 3608 1952 3686 tupitulatem,
1981 3606 2019 3668 a
2044 3613 2162 3687 qua
2186 3630 2357 3669 nemo
2395 3611 2656 3670 omnium
2681 3613 2877 3671 abesse
2905 3613 3071 3671 debe-

353 3701 439 3760 bit
468 3704 574 3760 sub
602 3706 775 3779 poena
801 3715 1050 3778 quatuor
1073 3704 1417 3762 florenorum
1444 3723 1763 3770 aureorum,
1790 3723 2040 3778 quorum
2066 3723 2221 3761 unus
2260 3703 2442 3771 nobis,
2471 3705 2754 3763 secundus
2792 3705 3070 3762 archidia-

354 3811 513 3858 cono,
540 3795 742 3852 tertius
766 3814 870 3871 pro
898 3807 1147 3871 tempore
1164 3798 1378 3861 betuna,
1407 3807 1647 3871 quartus
1677 3791 1917 3869 capitulo
1948 3794 2123 3860 cedat,
2153 3793 2267 3851 nisi
2308 3795 2577 3853 absentiae
2611 3797 2890 3872 ejusmodi
2931 3799 3071 3855 alle-

356 3895 563 3960 gentur
606 3906 811 3954 causa»,
848 3905 979 3961 quae
1023 3886 1438 3954 definitoribus,
1479 3898 1537 3944 et
1576 3894 1824 3960 quatuor
1865 3885 2000 3942 aliis
2043 3886 2371 3960 pastoribus
2412 3888 2934 3966 concapitularibus
2975 3908 3074 3965 per

354 3978 612 4035 bttatmm
637 3987 694 4035 et
720 3978 1044 4035 definitores
1069 3977 1433 4036 nominandis
1460 3976 1829 4035 rationabiles
1858 3975 2185 4051 probentur.

432 4086 509 4124 ιν.
553 4069 627 4126 In
676 4064 1090 4144 tougtaegationoe
1126 4077 1321 4125 autem
1369 4062 1663 4143 capitulari
1707 4066 1976 4144 praedicta
2024 4076 2152 4141 post
2193 4085 2415 4124 sacrum
2460 4067 2530 4125 de
2577 4068 2801 4144 Spiritu
2846 4068 3072 4135 Sancto,

352 4159 566 4224 betuna,
610 4161 706 4219 vel
751 4161 871 4218 alio
918 4160 1039 4234 ejus
1081 4160 1328 4226 nomine,
1376 4170 1435 4217 et
1487 4158 1820 4235 praescripto
1872 4158 2208 4223 celebrante,
2261 4168 2318 4215 et
2372 4158 2596 4216 duobus
2638 4179 2707 4216 ex
2750 4158 3073 4237 pastoribus

354 4248 578 4308 diaconi
616 4263 675 4308 et
713 4251 1048 4310 subdiaconi
1075 4252 1197 4309 vice
1236 4250 1627 4327 fungentibuS,
1667 4250 2046 4315 decantatum,
2092 4250 2340 4325 primum
2384 4249 2770 4308 exhortatione
2811 4248 3069 4323 tempori,

355 4341 499 4407 loen,
526 4352 582 4399 et
621 4343 877 4420 personis
916 4343 1357 4411 accommodata,
1391 4361 1496 4419 per
1534 4345 1817 4410 Batauum,
1847 4341 1971 4400 sive
2011 4339 2194 4398 alium
2236 4336 2274 4398 a
2311 4342 2506 4400 bttauo
2548 4339 2960 4397 nominandum
3001 4358 3070 4396 ex
