3882 5037
782 470 933 541 330
1567 459 2337 538 appennis—econamum!
2365 460 2732 530 monuments.
3234 473 3424 546 [PAR-1-
3452 476 3498 531 1,

781 666 1008 725 casibus
1034 665 1329 724 reservatis
1356 664 1477 721 sedi
1507 662 1807 722 ordinariae
1829 660 2181 726 absolvendi,
2197 672 2253 719 et
2271 674 2676 738 apparamenta
2698 683 2801 741 pro
2818 667 3066 725 ecclesiis
3084 669 3176 726 sui
3198 670 3502 741 districtus,

782 759 886 817 ubi
913 779 1029 817 non
1056 755 1355 815 intercedit
1386 775 1543 813 sacra
1567 755 1780 820 unctio,
1807 752 2199 818 benedicendi,
2226 754 2331 810 hac
2360 756 2619 830 synodali
2646 756 3047 817 constitutione
3075 759 3454 836 impertimur.

2273 845 2387 901 CC.
2411 847 2759 914 Germaniae,
2787 849 2948 905 Tom.
2967 870 3019 907 x.
3050 869 3145 927 pp.
3169 854 3499 911 521—525.

1866 1140 2409 1221 §mmmmm-

1851 1267 2091 1335 mecm
2118 1270 2176 1330 of
2201 1269 2426 1340 ξίῒῒεπ.

1052 1382 1278 1440 Duum
1304 1400 1375 1439 or
1400 1379 1596 1441 Ruta!
1621 1379 1842 1444 vitari
1872 1402 1936 1440 nv
1964 1402 2079 1441 ’ma
2106 1385 2363 1442 omem
2388 1400 2458 1440 or
2486 1382 2718 1452 Sir-rau,
2745 1402 2820 1441 oa
2849 1384 3008 1451 S1oN,
3037 1403 3232 1443 umisa

1485 1475 1705 1532 B1snor
1732 1474 2117 1533 Hrmsaamvn
2145 1475 2308 1541 Josr,
2335 1474 2484 1532 Aa).
2506 1491 2781 1531 Mocxxw.

865 1586 1236 1645 MULTUM
1264 1585 1437 1643 situm
1477 1597 1562 1644 est
1602 1587 1662 1643 in
1704 1585 1888 1644 officio
1924 1583 2253 1645 bitatiotum
2282 1583 2572 1652 tutalium,
2603 1598 2668 1642 ut
2689 1584 2979 1663 episcopus
3006 1587 3178 1646 variis
3218 1587 3497 1646 distentus

784 1678 1049 1755 negotiis,
1078 1696 1180 1752 per
1221 1697 1318 1735 eos
1362 1676 1625 1735 nonnihil
1666 1677 2018 1745 sublevetur,
2060 1679 2265 1744 clerus,
2308 1679 2668 1754 populusque
2707 1695 2880 1751 supra
2924 1688 2981 1735 et
3025 1678 3176 1736 infra
3209 1679 3496 1755 Morgiam

784 1771 847 1828 in
875 1770 1058 1828 officio
1085 1769 1458 1835 contineatur,
1485 1770 1675 1827 cultus
1700 1768 1931 1827 divinus
1959 1781 2255 1845 augeatur,
2282 1770 2462 1827 virtus
2487 1768 2787 1835 excolatur,
2817 1768 2958 1826 vitia
2983 1770 3272 1835 tollantur,
3293 1790 3498 1828 novem

785 1861 1020 1939 proinde
1060 1880 1160 1936 per
1199 1881 1320 1927 nos,
1347 1861 1440 1917 vel
1482 1869 1741 1918 nostrum
1773 1860 2054 1918 vicarium
2094 1861 2417 1937 generalem
2457 1860 2518 1917 in
2559 1859 2971 1935 spiritualibus,
2999 1871 3056 1916 et
3094 1861 3497 1936 temporalibus

786 1947 1020 2010 omnino
1049 1947 1242 2009 bitatii
1269 1948 1485 2013 tutalts
1513 1950 1803 2025 eligentur
1834 1952 2084 2026 probatae
2111 1952 2259 2018 vite,
2290 1963 2348 2008 et
2387 1948 2740 2016 eruditionis,
2767 1969 3103 2026 magnaeque
3142 1952 3499 2027 experientiae

785 2042 913 2100 viri.
992 2043 1178 2100 Electi
1206 2061 1266 2099 se
1291 2036 1713 2117 quamprimum
1746 2042 1911 2099 nobis
1952 2041 2165 2109 sistent,
2214 2061 2317 2119 pro
2357 2041 2616 2100 facienda
2655 2040 2793 2098 fidei
2817 2041 3175 2117 professione,
3212 2061 3316 2118 pro
3357 2063 3498 2120 prae·

785 2134 988 2191 stando
1034 2134 1372 2192 obedientiae
1417 2145 1473 2191 et
1518 2133 1812 2191 fidelitatis
1857 2136 2200 2207 juramento,
2247 2154 2313 2190 ac
2361 2133 2607 2208 denique
2660 2152 2762 2208 pro
2811 2132 3138 2209 accipienda
3194 2130 3498 2197 bitattatfis

784 2222 994 2288 rutulis
1021 2225 1463 2291 confirmatione,
1491 2224 1611 2282 sine
1636 2228 1754 2299 qua
1783 2224 2000 2282 nemini
2030 2224 2196 2300 fungi
2233 2225 2415 2283 officio
2446 2224 2550 2282 tali
2576 2222 2972 2301 permittimus.
3055 2225 3326 2283 Officium
3352 2227 3497 2300 ejus·

786 2318 941 2374 modi
986 2313 1313 2377 bitatiotum
1359 2315 1469 2374 erit
1508 2317 1818 2391 quotannis
1860 2317 2037 2375 semel
2081 2313 2384 2392 tapittssutu
2426 2337 2558 2374 cum
2602 2314 2976 2373 confratribus
3019 2317 3333 2385 celebrare;
3380 2317 3499 2374 illis

783 2408 1213 2467 constitutiones
1241 2409 1538 2486 synodales
1566 2409 1891 2485 praelegere,
1931 2419 2083 2465 ortas
2115 2407 2357 2466 subinde
2392 2407 2454 2464 in
2496 2407 2580 2464 eis
2617 2406 3022 2483 intelligendis,
3051 2407 3144 2464 vel
3179 2407 3254 2464 ad
3281 2408 3499 2482 praxim

782 2501 1110 2578 redigendis
1137 2501 1496 2560 difficultates
1533 2499 1831 2579 explicare,
1862 2499 2295 2576 gravaminibus
2336 2521 2467 2559 cum
2507 2498 3040 2565 ecclesiasticorum,
3072 2507 3196 2556 tum
3221 2498 3499 2557 lai‘corum

782 2612 1092 2660 occurrere,
1122 2596 1436 2662 consulere,
1463 2594 1780 2659 sublevare,
1801 2591 1862 2650 in
1892 2593 2082 2658 vitam,
2107 2613 2310 2660 mores,
2332 2593 2664 2659 doctrinam,
2687 2602 2745 2650 et
2772 2611 2980 2650 munus
3002 2591 3158 2656 cleri,
3186 2590 3500 2666 populique

782 2683 1089 2759 inquirere,
1133 2686 1414 2753 ecclesias,
1456 2705 1671 2743 sacram
1715 2684 2146 2759 supellectilem,
2190 2684 2406 2761 praedia
2447 2684 2699 2750 visitare,
2727 2683 2789 2741 in
2828 2702 3034 2741 census
3076 2682 3498 2747 beneficiorum,

782 2774 1139 2848 decimasque
1180 2775 1503 2849 inquirere;
1542 2774 1860 2850 hospitalia,
1897 2795 1965 2832 ac
2006 2794 2205 2833 eorum
2239 2776 2374 2850 jura
2413 2786 2469 2833 et
2510 2786 2824 2851 proventus
2863 2769 3169 2849 diligenter
3207 2774 3498 2848 inspicere,

783 2866 1120 2924 clericorum
1149 2867 1294 2924 aedes
1320 2878 1375 2926 et
1404 2866 1649 2924 familias
1677 2861 1927 2923 studiose
1955 2867 2234 2937 lustrare3
2276 2868 2523 2926 defectus
2550 2880 2608 2925 et
2634 2887 2896 2925 excessus
2928 2865 3173 2923 minores
3199 2864 3499 2940 corrigere,

783 2958 1022 3031 majores
1049 2953 1201 3025 vero,
1230 2957 1554 3032 eujusmodi
1580 2968 1715 3014 sunt
1741 2958 2029 3025 scandala,
2056 2960 2311 3025 haerescs,
2337 2959 2503 3017 lectio
2529 2960 2622 3017 vel
2654 2958 2893 3016 retentio
2931 2957 3210 3015 librorum
3246 2956 3500 3030 prohibi-

784 3059 974 3106 torum
1022 3049 1097 3106 ad
1142 3060 1248 3106 nos
1294 3047 1513 3107 referre.
1598 3049 1812 3106 Omnes
1858 3068 1979 3106 suae
2016 3049 2429 3122 jurisdictionis
2465 3050 2725 3107 ecclesias
2761 3048 2924 3106 annis
2960 3049 3204 3125 singulis
3243 3049 3500 3115 obibunt,

782 3141 925 3215 quid
950 3140 1135 3200 cuivis
1160 3142 1286 3198 loco
1313 3141 1475 3209 desit,
1496 3141 1873 3207 annotabunt,
1894 3141 2116 3198 minora
2142 3141 2551 3207 reformabunt,
2578 3140 2792 3214 majora
2816 3140 2978 3198 nobis
3006 3140 3500 3206 commendabunt,

784 3232 927 3306 quid
962 3233 1207 3307 denique
1254 3232 1318 3290 in
1364 3235 1560 3290 annua
1601 3230 1927 3290 visitatione
1977 3232 2229 3299 fecerint,
2279 3233 2422 3307 quid
2466 3231 2802 3299 notaverint,
2849 3229 2992 3306 quid
3037 3231 3501 3307 improbaverim,

785 3325 1312 3402 approbaverintve‚
1338 3324 1479 3400 quid
1507 3324 1950 3391 emendaverint,
1973 3325 2064 3383 vel
2091 3324 2508 3382 emendandum
2537 3323 2818 3390 duxerint,
2841 3323 2900 3381 id
2921 3342 3088 3382 omne
3104 3322 3314 3398 scripto
3333 3321 3502 3389 clare,

785 3414 1095 3494 perspicue,
1115 3413 1420 3483 succincte,
1437 3425 1608 3492 atque
1630 3413 1847 3474 sincere
1873 3417 2341 3491 comprehensum
2369 3415 2533 3473 nobis
2561 3425 2820 3472 actutum
2848 3414 3343 3490 repraesenmbunt.
3425 3414 3498 3471 In

782 3510 1142 3586 negligentes
1170 3505 1423 3585 graviter
1450 3508 1984 3566 animadvertemus.
2041 3506 2298 3565 Charitas
2320 3505 2518 3581 exigit,
2541 3515 2608 3563 ut
2623 3506 2930 3564 confratres
2954 3516 3222 3580 tanquam
3245 3504 3504 3562 membra

786 3601 855 3658 de
896 3602 1150 3659 membro
1191 3596 1391 3657 mutuo
1431 3620 1492 3658 se
1531 3600 1760 3658 foveant
1799 3599 1862 3657 in
1902 3600 2147 3666 Christo,
2179 3593 2384 3655 mutuo
2409 3598 2847 3674 amplectantur,
2876 3597 3099 3672 sibique
3127 3596 3501 3673 opitulentur,

785 3691 948 3764 cujus
976 3692 1058 3747 rei
1086 3689 1396 3767 specimina
1423 3690 1707 3748 crebriora
1732 3691 1970 3756 dabunt,
1990 3701 2057 3747 ut
2083 3690 2156 3747 sit
2181 3688 2688 3748 ecclesiasticorum
2714 3707 2813 3745 cor
2840 3707 3038 3755 unum,
3065 3697 3124 3745 et
3152 3686 3341 3745 anima
3364 3706 3501 3754 una,

786 3783 934 3839 sicut
970 3792 1054 3838 est
1090 3782 1347 3838 omnium
1392 3800 1599 3856 sponsa
1639 3800 1761 3838 una
1807 3781 2023 3838 Christi
2070 3780 2321 3839 ecclesia.
2401 3780 2656 3838 Anteibit
2702 3778 2966 3837 omnibus
3008 3780 3269 3855 exemplo
3308 3778 3503 3853 quivis

786 3868 1028 3933 bitatiuss
1053 3872 1116 3928 in
1144 3870 1404 3928 districtu
1431 3891 1552 3937 suo,
1583 3867 1826 3928 maxime
1856 3891 1990 3930 cum
2019 3871 2270 3947 aliquem
2289 3892 2360 3932 ex
2383 3871 2758 3952 confratribus
2781 3869 2900 3927 suis
2925 3870 3126 3927 morbo
3144 3870 3499 3927 laborantem

785 3962 1142 4027 intellexerit,
1180 3972 1248 4019 ut
1289 3981 1422 4019 eum
1458 3961 1682 4027 invisat,
1729 3961 1961 4029 soletur,
1994 3962 2049 4020 ei
2085 3962 2415 4029 necessaria,
2446 3957 2583 4019 ciim
2621 3961 2958 4037 spiritualia,
2992 3955 3121 4017 tiim
3165 3957 3501 4034 temporalia

785 4053 1198 4121 subministret,
1226 4065 1292 4112 ut
1327 4072 1522 4111 omnes
1553 4052 1887 4128 intelligant
1925 4054 2223 4112 ecclesiam
2262 4054 2375 4112 Dei
2415 4051 2687 4111 ministris
2725 4050 2843 4109 suis
2878 4070 3178 4109 novercam
3209 4070 3325 4108 non
3361 4069 3500 4117 esse,

785 4149 884 4206 sed
911 4157 1164 4212 matrem,
1194 4145 1638 4218 charitatemque
1664 4144 1728 4202 in
1755 4144 2148 4202 ecclesiasticis
2176 4146 2251 4203 ad
2275 4164 2335 4202 se
2364 4139 2564 4202 mutuo
2590 4143 2856 4201 fovendos
2883 4161 2949 4199 ac
2981 4141 3283 4217 Juvandos,
3313 4160 3499 4215 usque

786 4239 860 4297 ad
887 4249 1203 4297 extremum
1231 4237 1363 4295 vitae
1390 4234 1670 4314 spiritum,
1696 4237 2001 4312 vulgarem
2026 4256 2145 4295 non
2173 4257 2305 4296 esse.
2356 4236 2451 4293 Ita
2477 4237 2591 4300 fiet,
2611 4245 2678 4293 ut
2704 4236 2910 4300 clerus,
2927 4244 2983 4291 et
3012 4233 3257 4309 populus
3282 4231 3501 4306 ubique

783 4330 1061 4397 locorum,
1078 4348 1194 4387 non
1221 4323 1420 4406 pariim
1436 4327 1765 4395 oedificetur,
1793 4337 1851 4385 et
1874 4327 2112 4386 ecclesia
2128 4328 2242 4386 Dei
2265 4325 2425 4384 miris
2446 4325 2721 4383 laudibus
2741 4324 3062 4384 extollatur.
3129 4319 3498 4382 &stationum
