3882 5037
1335 467 1941 544 &tussim—Diona
1969 469 2029 530 of
2054 467 2258 531 OEulm.
3003 473 3153 545 329

436 678 593 736 omni
632 675 860 735 meliori
901 676 1073 733 modo
1113 673 1226 749 ipsi
1267 672 1328 730 in
1373 673 1783 748 temporalibus
1824 681 1881 730 et
1918 671 2314 748 spiritualibus
2350 670 2719 747 providendO,
2746 666 2927 728 donec
2951 671 3156 730 nuntio

440 771 625 828 delato
651 788 777 835 nos,
803 766 928 825 sive
954 766 1203 826 officium
1229 775 1487 824 nostrum
1517 784 1617 841 per
1641 765 1834 822 datam
1862 763 2251 821 commendam
2276 761 2447 822 aliter
2473 763 2937 839 disposuerimus.

519 860 696 918 Sicuti
723 870 921 918 autem
946 861 1195 921 betauoss,
1214 855 1382 929 quasi
1404 852 1641 917 hisatius
1658 853 1913 917 fotantos
1934 853 1998 912 in
2018 864 2235 931 partem
2256 855 2663 913 sollicitudinis
2679 865 2885 913 nostrae
2900 873 3156 931 assump-

441 951 634 1018 simus,
671 962 728 1009 et
777 969 881 1025 per
924 968 1020 1005 eos
1061 947 1341 1005 universae
1379 946 1637 1005 dioecesis
1678 945 2124 1024 prosperitatem,
2152 965 2218 1003 ac
2261 945 2516 1021 pericula
2553 948 3033 1026 contemplamur:
3075 946 3158 1005 ita

443 1042 659 1099 eosdem
688 1039 922 1116 speciali
963 1036 1277 1096 reverentia
1316 1037 1389 1094 ab
1429 1038 1697 1095 omnibus
1738 1037 2005 1094 volumus
2044 1036 2327 1095 honorari.
2408 1038 2767 1113 Quapropter
2805 1056 3161 1112 quaecunque

442 1150 513 1188 ex
560 1130 619 1188 vi
664 1132 835 1189 officii
887 1131 996 1195 sui,
1040 1129 1159 1186 suis
1204 1128 1265 1186 in
1304 1126 1659 1191 betauatilum
1706 1128 1780 1185 ad
1831 1138 2083 1185 mentem
2131 1126 2330 1203 synodi
2378 1128 2681 1203 praesentis,
2723 1139 2826 1187 aut
2870 1148 3158 1187 sacrorum

442 1243 727 1280 canonum
782 1219 1172 1299 praeceperint,
1222 1218 1295 1276 iis
1349 1214 1585 1276 omnino
1638 1214 1676 1276 ὲ,
1726 1219 1881 1276 clero
1932 1213 2180 1277 baronali
2231 1218 2735 1294 obtemperandum
2786 1220 3156 1279 decernimus.

443 1313 644 1370 Sancta
683 1323 740 1371 et
780 1312 998 1369 salubri
1023 1311 1365 1387 cogitatione
1391 1310 1660 1369 exorandi
1690 1328 1794 1385 pro
1822 1308 2062 1366 mortuis
2093 1309 2347 1385 permoti,
2377 1309 2683 1367 statuimus
2708 1330 2939 1386 quoque
2967 1323 3157 1371 aucto-

444 1404 606 1461 ritate
646 1401 938 1479 praesentis
977 1401 1195 1477 synodi,
1223 1411 1289 1457 ut
1327 1397 1553 1476 quoties
1594 1401 1657 1457 in
1696 1404 1963 1459 buranam
2003 1399 2306 1475 contigerit
2344 1399 2596 1474 aliquem
2624 1403 2968 1461 sacerdotem
2995 1405 3157 1471 mori,

444 1490 643 1553 extunc
667 1498 908 1556 betanus
936 1491 1228 1550 extraditis
1254 1491 1326 1548 ad
1354 1491 1596 1566 primam
1625 1491 1890 1550 notitiam
1916 1489 2116 1557 literis,
2145 1490 2478 1549 universum
2503 1488 2800 1556 betanatuss
2826 1493 2918 1550 sui
2941 1495 3157 1551 clerum

444 1587 505 1644 in
532 1587 743 1644 virtute
768 1586 940 1659 hujus
966 1583 1163 1641 statuti
1190 1584 1477 1660 synodalis
1505 1583 1772 1660 requirat,
1787 1577 2073 1657 quatenus
2102 1602 2205 1659 pro
2232 1582 2426 1640 anima
2450 1582 2746 1643 confratris
2770 1585 2998 1662 parochi
3017 1587 3159 1643 duas

447 1678 641 1736 missas
679 1697 812 1734 cum
853 1676 1034 1734 officio
1075 1676 1493 1743 defunctorum,
1523 1695 1627 1751 pro
1667 1675 1860 1733 anima
1896 1684 2089 1731 autem
2116 1673 2316 1733 vicarii
2343 1694 2518 1732 unam
2545 1675 2792 1744 missam,
2820 1687 2887 1735 ut
2915 1670 3160 1755 primum

445 1770 649 1847 poterit
679 1765 991 1837 commode,
1018 1768 1261 1842 quilibet
1286 1768 1563 1834 absolvat,
1590 1767 1802 1825 similia
1828 1776 1957 1841 post
1982 1767 2101 1823 fata
2126 1786 2231 1823 sua
2249 1765 2545 1825 habiturus
2571 1768 2858 1846 suffragia.

524 1860 841 1918 Statuimus
868 1855 1159 1937 praeterea,
1188 1871 1255 1916 ut
1279 1859 1480 1917 nullus
1507 1859 1874 1917 beneficiatus
1899 1855 1938 1916 ὲ
1964 1857 2235 1934 quopiam
2263 1858 2399 1925 alio,
2430 1858 2541 1916 nisi
2580 1862 2655 1919 ab
2694 1861 2937 1937 ipsomet
2961 1863 3159 1921 betam)

445 1972 551 2011 sno
588 1951 829 2018 intanto,
876 1962 978 2009 aut
1022 1952 1072 2009 si
1114 1954 1351 2013 betanuss
1388 1953 1607 2025 justam
1649 1950 2041 2027 impedimenti
2082 1948 2329 2025 legitimi
2368 1950 2633 2009 habuerit
2672 1953 3095 2012 excusationem
3126 1946 3164 2008 a

445 2045 737 2121 desig-nato
777 2044 851 2101 ad
889 2044 1041 2101 hunc
1080 2053 1272 2100 actum
1311 2042 1675 2100 condecanali
1716 2044 1962 2118 parocho
2004 2042 2148 2099 datis
2181 2041 2254 2098 ad
2293 2042 2539 2100 eundem
2566 2044 2642 2101 ab
2680 2045 2923 2120 ipsomet
2961 2047 3160 2105 betano

444 2136 620 2193 literis
659 2135 1063 2193 introducatur
1101 2135 1162 2193 in
1203 2134 1504 2210 praesentia
1543 2144 1906 2192 executorum
1951 2132 2331 2199 antecessoris,
2357 2132 2460 2206 qui
2492 2133 2661 2206 juxta
2702 2135 3083 2194 inventarium
3124 2131 3164 2193 a

447 2230 659 2293 betuna,
687 2238 746 2286 et
784 2227 1203 2292 executoribus,
1232 2226 1352 2284 sive
1392 2225 1617 2283 duobus
1658 2226 1732 2283 ad
1774 2226 2078 2284 minimum
2104 2224 2362 2290 testibus,
2391 2243 2455 2281 ac
2484 2220 2710 2283 demum
2735 2222 2775 2284 ὲ
2802 2227 2987 2303 seipso
3028 2229 3161 2285 sub·

446 2319 735 2396 scriptum,
762 2329 818 2376 et
844 2313 1000 2394 prius
1028 2314 1272 2375 fideliter
1300 2316 1549 2376 revisum
1579 2317 1833 2376 ecclesiae
1858 2330 1915 2376 et
1943 2319 2145 2378 domsts
2172 2313 2489 2394 plebanalis
2514 2317 2946 2393 supellectilem,
2963 2339 3161 2394 roeque

450 2431 639 2469 omnes
668 2410 966 2468 derelictas
995 2428 1129 2466 cum
1155 2419 1468 2484 augmento
1494 2407 1694 2483 aliquo
1715 2409 1990 2485 praeteriti
2014 2407 2318 2466 inventarii
2338 2406 2583 2482 recipiet.
2665 2408 2843 2482 Cujus
2861 2410 3162 2469 inventarii

446 2502 729 2578 exemplar
769 2522 957 2559 unum
996 2499 1243 2559 manebit
1287 2500 1347 2557 in
1390 2499 1644 2559 archivio
1685 2499 1951 2569 ecclesiae,
1986 2499 2147 2559 aliud
2188 2493 2227 2557 a
2268 2500 2467 2559 betam
2514 2510 2570 2558 et
2606 2496 2831 2558 noviter
2867 2499 3162 2561 installato

449 2593 659 2669 pariter
685 2594 1089 2670 subscriptum,
1118 2592 1363 2667 quilibet
1389 2592 1757 2650 beneficiatus
1797 2592 1951 2650 intra
1990 2613 2176 2650 unum
2217 2611 2470 2650 mensem
2509 2602 2635 2668 post
2673 2613 2834 2651 suam
2873 2594 3163 2655 introduc-

449 2685 654 2743 tionem
682 2686 755 2743 ad
780 2706 906 2752 nos,
934 2684 1053 2743 sive
1083 2685 1327 2743 officium
1352 2694 1615 2742 nostrum
1641 2685 1749 2742 sub
1776 2687 1949 2759 poena
1980 2688 2054 2743 20
2082 2704 2400 2743 marcarum
2430 2703 2534 2762 per
2558 2684 2955 2762 instigatorem
2995 2689 3164 2747 officii

450 2777 705 2852 urgenda
735 2777 957 2843 referre,
984 2786 1042 2834 et
1068 2771 1241 2852 penes
1266 2787 1394 2833 acta
1411 2776 1734 2850 relinquere
1761 2775 2066 2833 tenebitur.

532 2869 896 2927 Meminerint
935 2888 1165 2944 quoque
1207 2864 1393 2928 uttan(
1433 2867 1736 2927 admonere
1775 2886 1907 2925 suos
1947 2868 2236 2944 parochos,
2264 2864 2546 2943 quatenhs
2574 2872 2975 2948 unusquisque
3014 2873 3166 2932 intra

449 2960 655 3018 limites
683 2981 803 3018 suae
829 2961 1109 3036 parochiae
1149 2978 1343 3017 cruces
1371 2957 1435 3015 in
1461 2959 1571 3015 viis
1599 2956 1846 3035 publicis
1876 2959 2223 3018 venerationi
2262 2961 2523 3019 fidelium
2560 2962 2862 3039 expositae,
2893 2974 2950 3021 et
2977 2977 3165 3023 vetus-

450 3062 564 3109 tate
604 3064 706 3110 aut
744 3062 1046 3111 ventorum
1083 3051 1146 3111 vi
1183 3053 1481 3127 collapsas,
1512 3049 1631 3108 sive
1670 3070 2014 3127 quocunque
2045 3051 2216 3109 modo
2243 3052 2598 3120 deformatas,
2626 3055 2754 3112 tolli
2795 3066 2972 3123 curet,
2999 3058 3164 3116 novis

446 3143 513 3201 in
549 3144 782 3201 illarum
822 3145 1013 3202 locum
1054 3142 1395 3209 substitutis,
1422 3161 1495 3199 ne
1535 3160 1639 3217 per
1676 3142 1830 3198 hunc
1856 3143 2145 3200 memoriae
2173 3143 2463 3201 Passionis
2492 3145 2812 3217 Dominicae
2837 3147 3163 3222 neglectum

445 3234 598 3291 inter
623 3236 661 3291 J
665 3235 857 3293 udaeos
884 3245 941 3292 et
967 3233 1261 3293 haereticos
1286 3233 1539 3291 abundet
1566 3234 1910 3291 scandalum.

529 3324 614 3383 Ut
661 3335 852 3383 autem
893 3345 961 3383 eo
1011 3318 1361 3400 diligentius,
1404 3335 1460 3383 et
1503 3323 1649 3383 citra
1695 3325 1893 3381 ullum
1931 3333 2250 3401 respectum
2293 3344 2661 3401 personarum
2701 3328 2952 3387 officium
2992 3352 3163 3390 suum

447 3414 656 3473 obeant
683 3416 818 3473 illos
845 3415 997 3474 circa
1023 3416 1115 3473 sui
1143 3414 1558 3474 institutionem
1584 3416 1656 3473 ad
1683 3418 2006 3476 betauatum
2025 3417 2420 3490 juramentum
2449 3419 2736 3494 corporale
2753 3419 2923 3492 juxta
2945 3425 3161 3482 rotham

444 3516 508 3564 et
545 3506 784 3564 formam
817 3507 1124 3582 juramenti
1164 3502 1202 3564 a
1241 3507 1409 3565 nobis
1450 3507 1832 3584 praescriptam
1874 3518 1933 3565 et
1972 3507 2064 3566 hic
2103 3509 2424 3584 appositam
2464 3523 2726 3587 praestare
2766 3512 2968 3574 debere
3012 3517 3162 3575 ordi-

448 3616 670 3654 namus.

992 3708 1035 3764 J
1037 3726 1397 3767 umnam-uu
1422 3705 2060 3785 Qrtbipmbmerorum,
2089 3728 2219 3769 swa
2246 3706 2616 3772 Betanotum.
2701 3786 2706 3789 Α

612 3836 791 3893 “Eoo
822 3836 903 3893 N.
927 3836 1177 3913 spondeo
1206 3857 1273 3896 ac
1293 3839 1448 3912 juro,
1476 3838 1617 3898 &c.”

531 3962 678 4027 Quia
703 3960 839 4023 vero
867 3966 940 4024 ad
969 3985 1215 4042 proesens
1242 3969 1425 4046 aliqui
1451 3969 1828 4029 inveniuntur
1854 3968 2059 4039 uetant,
2087 3970 2188 4048 qui
2229 3990 2344 4031 non
2372 3983 2506 4031 sunt
2531 3970 3007 4051 atthipressbyteti,
3032 3970 3164 4034 ideo

447 4051 620 4110 salvis
646 4056 931 4116 modernis
958 4061 1432 4134 possessoribus,
1417 4083 1476 4119 111
1498 4063 1764 4121 futurum
1793 4084 2005 4123 munus
2028 4067 2352 4124 betanotum
2379 4066 2452 4123 ad
2482 4066 2633 4125 solos
2661 4064 3163 4144 artbipttsslmtetoss

449 4141 651 4203 debere
676 4160 927 4223 spectare
953 4149 1318 4210 declaramus.
1399 4153 1557 4218 Quos
1586 4155 1819 4231 speciali
1846 4156 2038 4214 favore
2066 4157 2330 4233 prosequi
2357 4158 2613 4216 volentes
2643 4170 2757 4216 tam
2786 4156 3164 4236 attbipttssbn-

450 4239 618 4302 mos,
644 4257 817 4312 quam
852 4243 1098 4310 betanus,
1127 4244 1230 4319 qui
1257 4245 1503 4304 officium
1532 4244 1858 4307 bitatiotum
1885 4246 2234 4307 foraneorum
2264 4248 2560 4316 sustinent,
2586 4253 2760 4308 semel
2804 4270 2907 4327 pro
2946 4267 3165 4326 semper

451 4325 688 4387 durante
718 4331 955 4391 illorum
981 4336 1164 4394 officio
1189 4337 1266 4394 ad
1290 4337 1606 4397 audiendas
1633 4340 2015 4400 confessiones
2040 4341 2438 4418 approbamus,
2469 4352 2527 4399 et
2566 4342 2892 4400 facultatem
2925 4340 3097 4398 etiam
3124 4359 3165 4396 a.
