3882 5037
1616 454 2382 533 appennis—mutianum!
2411 457 2777 521 worumnus.
3302 465 3492 537 [Pim-
3513 469 3564 523 1.

840 463 990 533 298

838 660 1262 721 conservatione
1290 658 1552 718 ordinata
1577 670 1728 724 sunt,
1756 678 1823 717 ea
1850 652 1888 715 ὲ
1913 655 2134 721 uetanis
2162 657 2449 723 ruralibus
2478 661 2748 719 volumus
2774 679 2947 735 quam
2975 661 3327 722 exactissime
3368 666 3563 723 obser-

839 754 992 812 vari:
1033 765 1088 811 et
1112 772 1241 810 cum
1267 753 1589 811 bttauotum
1631 748 1905 811 ruralium
1947 751 2137 828 quoad
2176 771 2371 809 curam
2411 752 2734 810 animarum
2774 753 2972 810 eadem
3012 753 3102 821 sit,
3129 767 3186 813 et
3212 757 3398 832 potior
3433 759 3565 833 qui·

838 847 985 913 dem,
1016 845 1286 912 conditio,
1313 864 1442 919 quae
1484 856 1795 922 pastorum,
1822 856 2022 920 utpote
2063 844 2165 919 qui
2205 864 2326 902 non
2367 839 2547 903 solinu
2590 845 2946 904 saecularium
2980 845 3090 904 sibi
3116 849 3565 916 commissorum,

837 938 934 996 sed
962 937 1136 995 etiam
1163 938 1537 1012 parochorum
1565 936 1657 994 sui
1683 936 1988 1003 districtus,
2017 947 2320 994 censentur
2346 957 2467 994 esse
2495 950 2744 1014 pastores
2784 950 2841 996 et
2882 938 3093 1007 curati3
3134 935 3264 997 ideo
3292 940 3401 1015 ipsi
3430 960 3566 998 con·

838 1024 1002 1088 tinuo
1042 1028 1104 1087 in
1144 1028 1264 1087 suis
1307 1031 1703 1105 pastoratibus‚
1734 1030 1824 1088 vel
1853 1030 2073 1094 saltem,
2101 1029 2367 1105 exigente
2392 1031 2452 1088 id
2481 1032 2695 1089 ratione
2726 1031 2998 1098 muneris,
3027 1031 3178 1088 intra
3201 1033 3565 1091 hnanatuum

839 1141 1077 1180 suorum
1118 1121 1326 1179 limites
1368 1122 1610 1180 residere
1651 1122 2025 1198 personaliter
2063 1122 2285 1189 debent,
2311 1124 2420 1181 sub
2462 1126 2632 1199 poenfi
2674 1135 2800 1182 tum
2841 1123 3176 1199 privationis
3211 1125 3383 1183 officii
3408 1127 3564 1185 heta-

837 1212 1007 1281 nalis,
1036 1225 1161 1272 tum
1187 1215 1302 1273 alis
1329 1215 1579 1292 graviori
1608 1214 1843 1273 arbitrio
1870 1226 2062 1274 nostro
2086 1215 2416 1290 infligenda.

921 1325 996 1365 ιν.
1038 1307 1389 1365 Ordinamus
1429 1302 1656 1382 pariter,
1695 1319 1765 1364 ut
1811 1308 1882 1366 de
1927 1307 2292 1382 singulorum
2335 1307 2444 1366 sibi
2485 1308 2827 1366 creditorum
2870 1310 3052 1366 salute
3088 1307 3336 1375 solliciti,
3378 1308 3567 1367 sicubi

837 1400 1087 1475 aliquem
1132 1395 1164 1457 ὲ
1211 1420 1328 1457 suae
1370 1400 1743 1475 regiunculae,
1788 1420 1888 1458 seu
1933 1397 2227 1464 betausius
2263 1401 2601 1477 pastoribus,
2633 1401 3037 1466 sacerdotibus,
3076 1409 3177 1456 aut
3213 1399 3562 1457 beneficiatis

838 1487 1156 1566 periculose
1170 1492 1428 1551 laborare
1454 1492 1851 1560 intellexerint,
1878 1492 1947 1549 ad
1970 1511 2104 1548 eum
2130 1491 2252 1549 sine
2274 1494 2431 1550 mora
2453 1513 2511 1550 se
2531 1493 2835 1561 conferant,
2868 1501 3267 1564 moneantque,
3294 1500 3360 1546 ut
3390 1492 3564 1549 saluti

837 1602 955 1640 suae
997 1585 1312 1651 consulens»,
1355 1583 1427 1640 ad
1472 1593 1821 1641 sacramenta
1864 1582 2114 1641 ecclesiae
2156 1582 2483 1659 recipienda
2524 1605 2584 1642 se
2628 1584 2925 1660 disponat;
2994 1583 3126 1640 dein
3172 1582 3561 1652 adhortentur,

836 1686 904 1733 ut
942 1685 1341 1732 testamentum
1382 1669 1638 1749 legitime
1681 1674 1903 1741 condat,
1948 1674 1996 1731 si
2035 1674 2098 1731 id
2136 1694 2254 1732 non
2295 1675 2484 1733 fecerit
2524 1670 2692 1753 prius,
2736 1687 2907 1750 atque
2949 1674 3022 1730 ad
3064 1673 3305 1740 felicem,
3349 1676 3561 1733 saluta-

835 1787 1069 1841 remque
1098 1785 1169 1823 ex
1196 1767 1300 1824 hac
1329 1765 1446 1823 vita
1472 1783 1779 1839 egressum,
1807 1764 1918 1841 piis
1946 1765 2017 1821 ad
2049 1766 2241 1823 Deum
2269 1765 2544 1843 suspiriis,
2571 1787 2637 1824 ac
2666 1764 3039 1829 orationibus,
3067 1784 3125 1822 se
3153 1777 3472 1842 componat.

914 1876 971 1916 V.
1011 1856 1269 1922 Quodsi
1311 1857 1620 1934 parochum
1659 1856 2005 1933 quempiam,
2034 1867 2136 1914 aut
2161 1868 2419 1915 curatum
2460 1858 2728 1916 decedere
2769 1857 3085 1934 contigerit,
3113 1857 3363 1930 cujusvis
3390 1857 3562 1915 etiam

835 1951 1067 2018 ordinis,
1095 1960 1196 2008 aut
1225 1949 1475 2007 instituti
1517 1948 1801 2025 regularis
1839 1948 1931 2015 sit,
1961 1960 2166 2007 curent
2210 1969 2344 2007 mox
2383 1950 2641 2009 omnium
2681 1951 2754 2008 ab
2790 1949 2916 2026 ipso
2954 1948 3276 2006 relictorum
3313 1948 3560 2006 indicem

834 2062 934 2101 seu
960 2041 1342 2100 inventarium
1386 2041 1606 2108 confici,
1636 2051 1701 2097 ut
1740 2039 2149 2107 invasionibus„
2175 2061 2246 2099 ex
2275 2041 2717 2118 expilationibus
2759 2062 2878 2100 non
2917 2042 3058 2097 fiant
3097 2039 3361 2105 obnoxia,
3390 2052 3561 2117 atque

833 2154 905 2193 ex
947 2133 1017 2191 iis
1066 2134 1259 2210 possit,
1303 2145 1428 2191 tum
1471 2133 1581 2210 piis
1624 2131 1847 2209 legatis,
1894 2144 2018 2190 tum
2061 2133 2438 2191 creditoribus
2481 2134 2629 2201 aliis,
2673 2133 2896 2209 ipsique
2942 2131 3195 2190 ecclesiae
3235 2132 3558 2206 parochiali,

832 2224 1076 2293 fabricae,
1102 2236 1205 2284 aut
1245 2245 1455 2283 mensae
1496 2244 1813 2302 pauperum
1853 2223 2131 2282 satisfieri.
2214 2223 2512 2300 Quidquid
2537 2225 2611 2281 ad
2641 2224 2966 2302 parochiam
3009 2221 3206 2300 ipsam,
3236 2223 3557 2290 ecclesiam,

831 2313 1121 2384 fabricam,
1149 2328 1250 2375 aut
1289 2316 1609 2375 archivium
1650 2316 1954 2394 pertinenS,
1980 2316 2276 2374 inventum
2316 2314 2505 2381 fuerit,
2534 2326 2841 2392 separetur,
2872 2327 2928 2372 et
2960 2316 3080 2373 suis
3112 2334 3357 2390 quaeque
3403 2316 3557 2382 locis,

830 2419 933 2466 aut
959 2409 1212 2486 personis
1240 2409 1669 2484 consignentur,
1750 2408 2019 2482 Denique
2059 2418 2116 2465 et
2156 2427 2349 2466 curam
2376 2418 2577 2484 gerant
2603 2405 2793 2468 brenni
2822 2404 3059 2474 tumim,
3087 2418 3153 2463 ut
3179 2425 3367 2464 coram
3395 2407 3556 2482 sigil-

830 2499 995 2558 lifero
1023 2512 1215 2559 nostro
1244 2500 1445 2574 majori
1473 2510 1813 2559 testamenta
1839 2500 2233 2559 defunctorum
2275 2510 2583 2576 pastorum,
2608 2499 3073 2577 vice-pastorum,
3101 2508 3160 2558 et
3189 2498 3470 2558 beneficia
3495 2499 3555 2556 in

831 2591 1084 2650 ecclesiis
1122 2592 1542 2669 parochialibus
1581 2592 1936 2659 habentium,
1964 2602 2022 2649 et
2062 2592 2459 2650 haereditatum
2500 2612 2600 2669 per
2638 2612 2733 2651 eos
2774 2591 3119 2658 relictarum,
3149 2601 3478 2667 computus,
3502 2601 3555 2649 et

830 2683 1078 2741 rationes
1106 2702 1206 2759 per
1231 2695 1559 2741 executores
1588 2683 1978 2741 exhibeantur.
3083 2671 3092 2677 ”

910 2792 988 2830 vt.
1030 2773 1268 2830 Summo
1321 2772 1509 2830 studio
1563 2773 1897 2848 advigilent,
1945 2783 2059 2831 tam
2116 2774 2511 2842 archidiaconi,
2555 2793 2727 2849 quam
2774 2772 2966 2835 bttaul
3013 2769 3249 2840 tursius,
3294 2793 3366 2831 ne
3420 2772 3548 2848 quis

828 2861 1082 2921 sacerdos
1109 2864 1412 2930 saecularis,
1439 2873 1538 2920 aut
1565 2862 1863 2938 regularis,
1883 2864 2057 2922 etiam
2085 2866 2516 2939 quomodolibet
2536 2876 2847 2942 exemptus,
2863 2867 2924 2924 in
2948 2865 3286 2924 beneficium
3312 2863 3549 2938 aliquod

830 2953 1167 3031 parochiale,
1210 2974 1312 3012 seu
1353 2965 1634 3021 curatum,
1677 2957 1772 3012 vel
1815 2955 2149 3013 exercitium
2196 2976 2346 3014 curae
2384 2957 2725 3023 animarum,
2760 2976 3102 3032 quocunque
3135 2956 3305 3015 etiam
3351 2957 3552 3021 colore,

830 3047 924 3103 vel
962 3045 1131 3104 titulo
1163 3065 1283 3103 sese
1321 3046 1594 3112 intrudat,
1633 3046 1847 3119 absque
1891 3045 2106 3122 praevio
2152 3046 2426 3115 examine,
2470 3059 2527 3106 et
2569 3047 2835 3123 legitima
2882 3047 3323 3124 approbatione:
3385 3048 3552 3105 aliter

827 3148 1034 3205 autem,
1079 3148 1136 3196 et
1176 3138 1298 3197 sine
1341 3138 1619 3206 examine,
1662 3148 1718 3195 et
1744 3137 2023 3213 *legitima
2072 3139 2479 3216 approbatione
2527 3139 2775 3206 admissi,
2822 3138 3092 3207 instituti,
3136 3149 3238 3196 aut
3281 3137 3549 3204 investiti,

828 3231 1093 3290 noverint
1119 3251 1178 3289 se
1204 3226 1243 3288 a
1268 3229 1534 3309 pastorali
1562 3233 1714 3297 cura,
1740 3249 1915 3306 quam
1956 3249 2071 3287 non
2111 3228 2368 3307 legitime
2397 3231 2719 3298 subierunt,
2749 3232 2873 3307 ipso
2901 3230 3054 3289 facto
3081 3249 3387 3307 suspensos
3418 3251 3548 3297 asse,

827 3335 884 3382 et
911 3322 960 3380 si
1000 3342 1144 3399 quos
1182 3343 1251 3381 eo
1292 3322 1524 3386 nomine
1559 3321 1782 3380 fructus
1822 3322 2195 3398 perceperint,
2225 3323 2603 3382 restituendos
2629 3322 2895 3389 ecclesiae,
2923 3317 2962 3379 a
2989 3323 3104 3397 quii
3129 3333 3547 3396 provenerunt;

828 3427 1008 3490 utque
1053 3434 1112 3472 re
1150 3414 1272 3492 ipsa
1308 3413 1624 3480 restituant,
1656 3413 1997 3470 authoritate
2040 3416 2249 3480 nostra,
2294 3413 2548 3472 adhibito
2584 3414 2771 3480 etiam,
2813 3413 2863 3470 si
2903 3433 3050 3490 opus
3090 3412 3280 3480 fuerit,
3320 3414 3546 3471 brachio

823 3505 1080 3564 saeculari
1107 3506 1538 3581 compellendos,
1565 3503 1796 3579 aliaque
1824 3503 2061 3579 insuper
2087 3508 2275 3582 poena,
2301 3525 2405 3582 pro
2434 3506 2617 3582 culpae
2644 3504 2829 3571 modu,
2857 3504 3177 3582 puniendos
3205 3524 3344 3562 esse.

905 3616 1009 3655 vu.
1050 3591 1221 3660 Quod
1249 3596 1300 3652 si
1325 3596 1455 3671 quis
1481 3615 1549 3653 eo
1578 3595 1908 3654 temeritatis
1937 3595 2289 3671 processerit,
2317 3607 2384 3653 ut
2414 3596 2536 3654 sine
2577 3596 2734 3655 omni
2775 3615 3004 3674 prorsus
3034 3595 3316 3663 examine,
3345 3614 3542 3673 appro-

824 3687 1071 3754 batione,
1096 3686 1347 3754 licentia,
1374 3685 1747 3752 institutione,
1772 3706 1838 3743 ac
1866 3685 2040 3743 titulo
2080 3686 2141 3743 in
2183 3706 2379 3745 curam
2419 3689 2745 3745 animarum
2785 3706 2844 3745 se
2885 3687 3204 3762 ingesserit,
3230 3687 3417 3752 nobiS,
3447 3696 3544 3742 aut

824 3779 1049 3837 officiali
1075 3789 1270 3835 nostro
1296 3776 1678 3843 denuntietur,
1698 3787 1764 3834 ut
1792 3788 2064 3851 tanquam
2091 3777 2365 3854 indignus
2390 3779 2706 3856 privilegiis
2727 3777 3000 3836 clericalis
3026 3777 3259 3845 ordinis,
3288 3776 3541 3835 saeculari

824 3871 1180 3946 magistratui
1207 3869 1537 3946 puniendus
1578 3869 1847 3926 tradatur.
1929 3870 2148 3928 Eadem
2188 3890 2418 3947 quoque
2457 3874 2600 3928 cura
2639 3871 2935 3930 advertant
2972 3867 3162 3931 unani
3203 3868 3441 3936 tutaltss,
3474 3889 3542 3926 ne

825 3962 956 4035 quis
984 3981 1184 4036 vagus,
1212 3972 1314 4018 aut
1340 3961 1694 4038 peregrinus,
1724 3962 1815 4020 vel
1851 3961 1995 4019 alias
2031 3962 2267 4038 ignotus
2303 3963 2560 4030 clericus,
2588 3977 2690 4022 aut
2730 3963 3004 4030 sacerdos,
3033 3965 3203 4023 etiam
3248 3961 3539 4040 regularis,

823 4052 1036 4126 absque
1063 4051 1243 4109 literis
1288 4051 1760 4109 testimonialibus
1808 4052 1898 4110 sui
1944 4053 2160 4111 ordinis
2201 4049 2240 4111 a
2281 4055 2445 4113 nobis
2489 4055 2643 4122 visis,
2671 4066 2726 4114 et
2767 4056 3033 4132 probatis,
3063 4056 3154 4113 vel
3195 4055 3317 4112 sine
3348 4056 3539 4112 nostra

823 4145 1068 4211 licentia,
1108 4145 1181 4202 ad
1223 4145 1417 4203 divina
1456 4143 1805 4211 celebranda,
1850 4146 1940 4202 vel
1983 4145 2431 4204 administranda
2470 4156 2835 4212 sacramenta,
2877 4147 3077 4204 autad
3117 4145 3537 4221 praedicandum

824 4238 937 4296 Dei
964 4238 1203 4296 verbum
1230 4237 1581 4303 admittatur,
1611 4247 1668 4293 et
1695 4247 1764 4294 ut
1792 4248 2042 4314 pastores
2082 4258 2146 4294 ac
2174 4238 2571 4315 vice-pastores
2598 4237 2878 4312 ejusmodi
2919 4238 3128 4303 literaS,
3154 4256 3221 4293 ac
3249 4237 3534 4296 licentiam

822 4341 955 4388 ante
982 4330 1381 4388 admissionem
1410 4327 1655 4404 exigant.
