3882 5037
831 447 983 518 242
1619 441 2387 521 appanis-ctomtmntal
2416 442 2783 506 Botumaents.
3293 445 3479 518 [Pam
3504 448 3557 503 Ι.

916 667 1042 705 xm.
1084 644 1345 714 Qualiter
1373 647 1447 704 sit
1473 656 1739 721 cooperta
1778 647 2035 714 ecclesia,
2063 658 2164 704 aut
2190 646 2239 704 si
2267 647 2341 705 sit
2367 656 2665 715 camerata,
2695 657 2751 704 et
2780 657 2847 703 ut
2874 641 2950 703 ibi
2979 646 3256 704 columbae
3296 647 3387 705 vel
3426 647 3554 705 aliae

835 759 967 797 aves
995 758 1110 796 non
1137 739 1450 807 nidificent,
1482 749 1715 814 propter
1741 739 2183 807 immunditiem,
2209 741 2302 797 vel
2329 739 2778 816 importunitatis
2805 737 3277 813 inquietudinem.

919 849 1036 889 x1v.
1079 832 1213 896 Quo
1243 832 1472 888 metallo
1498 831 1741 888 habeant
1769 827 1983 889 ibidem
2011 831 2195 908 signa.

919 940 1008 979 xv.
1051 922 1115 979 Si
1154 922 1364 979 atrium
1405 922 1606 980 habeat
1647 923 1951 981 munitum.
2034 923 2159 980 Aut
2187 922 2237 981 si
2264 924 2465 982 cellam
2507 921 2798 1000 propriam
2834 922 3036 980 habeat
3054 920 3222 995 juxta
3247 924 3556 993 ecclesiam,

838 1025 939 1072 aut
967 1014 1017 1071 si
1045 1014 1359 1090 suspiciosa
1386 1013 1448 1071 in
1475 1013 1721 1072 circuitu
1748 1016 1954 1073 ostiola
1983 1015 2113 1073 sint.

920 1125 1033 1164 xv1.
1077 1107 1162 1164 Ut
1188 1128 1256 1165 ex
1284 1106 1520 1163 decimis
1546 1118 1793 1182 quatuor
1819 1107 2109 1183 portiones
2139 1108 2278 1165 fiant
2298 1108 2465 1182 juxta
2492 1107 2911 1166 institutionem
2947 1107 3294 1174 canonicam,
3322 1119 3379 1165 et
3418 1109 3561 1185 ipsae

840 1199 946 1255 sub
982 1198 1307 1257 testimonio
1343 1198 1590 1255 duorum
1621 1210 1722 1257 aut
1757 1199 1932 1257 trium
1970 1199 2226 1257 fidelium
2263 1196 2514 1258 studiose
2542 1211 2600 1257 et
2625 1201 2934 1277 diligenter
2960 1200 3303 1258 dividantur.
3387 1202 3467 1259 Et
3492 1214 3561 1260 ut

840 1291 909 1347 de
944 1291 1166 1348 duabus
1197 1291 1569 1366 portionibus,
1599 1291 1845 1350 ecclesiae
1885 1303 1943 1350 et
1982 1291 2254 1368 episcopi,
2289 1292 2434 1350 ratio
2462 1292 2730 1350 reddatur
2769 1312 2870 1368 per
2910 1292 3168 1367 singulos
3196 1313 3393 1360 annoS,
3419 1295 3560 1369 quid

837 1381 970 1441 inde
997 1383 1295 1460 profecerit
1324 1382 1384 1440 in
1412 1384 1663 1442 ecclesia.

921 1496 1060 1534 xv11.
1102 1476 1188 1533 Ut
1232 1475 1645 1535 matricularios
1685 1478 1887 1536 habeat
1911 1477 2080 1551 juxta
2119 1475 2454 1552 qualitatem
2495 1474 2625 1543 loci,
2657 1496 2775 1534 non
2810 1474 3087 1532 bubulcos
3118 1486 3220 1532 aut
3256 1477 3561 1551 porcariOS,

842 1569 939 1626 sed
980 1568 1194 1626 debiles
1240 1579 1296 1625 et
1340 1587 1632 1645 pauperes,
1674 1580 1731 1627 et
1774 1570 1844 1626 de
1886 1569 2085 1627 eodem
2132 1566 2401 1626 dominio·
2497 1567 2634 1624 Nisi
2676 1562 2822 1626 forte
2863 1567 2983 1642 ipse
3029 1567 3320 1644 presbyter
3360 1570 3564 1627 habeat

843 1661 1088 1727 fratrem,
1120 1672 1221 1718 aut
1256 1661 1505 1735 aliquem
1539 1660 1931 1737 propinquum
1967 1660 2229 1728 debilem,
2261 1671 2363 1719 aut
2402 1659 2849 1736 pauperrimum,
2881 1659 2983 1734 qui
3018 1659 3088 1715 de
3118 1660 3315 1716 eadem
3345 1660 3563 1719 decima

843 1764 1204 1810 sustentetur.
1287 1752 1563 1827 Reliquos
1589 1763 1781 1811 autem
1810 1752 2176 1829 propinquos,
2208 1753 2258 1810 si
2281 1753 2447 1827 juxta
2473 1771 2530 1809 se
2555 1752 2760 1810 habere
2787 1749 3049 1818 voluerit,
3077 1751 3147 1807 de
3174 1756 3277 1810 sua
3305 1753 3560 1828 portione

845 1845 1045 1904 vestiat
1071 1856 1241 1920 atque
1270 1856 1476 1919 pascat.

926 1956 1091 1995 xvm.
1135 1937 1610 2014 Investigandum
1638 1933 1919 2006 similiter,
1941 1937 1990 1995 si
2010 1937 2156 1995 nihil
2185 1934 2515 2013 patrimonii
2543 1935 2772 2001 habens,
2799 1930 3027 2010 quando
3055 1947 3353 2012 provectus
3380 1947 3463 1994 est
3490 1937 3564 1994 ad

847 2030 1103 2088 ordinem
1133 2029 1593 2097 ecclesiasticum,
1623 2025 1822 2107 postea
1852 2029 2053 2087 emerit
2084 2029 2314 2105 praedia,
2341 2030 2504 2102 cujus
2533 2028 2681 2103 juris
2709 2028 2857 2096 sint3
2899 2024 3173 2102 quoniam
3200 2030 3462 2098 eoclesiae,
3491 2031 3565 2088 ad

843 2141 1017 2196 quam
1059 2122 1128 2178 de
1177 2121 1323 2179 nihil
1377 2122 1717 2181 habentibus
1773 2131 2072 2198 promotus
2120 2132 2221 2187 est,
2265 2140 2385 2178 esse
2434 2121 2639 2178 debent
2686 2120 2853 2194 juxta
2891 2121 3174 2179 canonicae
3213 2123 3565 2181 auctoritatis

843 2213 1149 2270 decretum.

925 2324 1038 2363 xix.
1081 2304 1515 2379 Inquirendum,
1548 2305 1597 2363 si
1637 2304 1925 2364 occasione
1969 2304 2139 2378 hujus
2176 2303 2540 2381 praecedentis
2580 2300 2817 2378 capituli
2857 2301 3066 2378 aliquis
3106 2304 3565 2382 presbyterorum

844 2393 1047 2454 abhinc
1089 2397 1159 2453 de
1202 2397 1477 2455 reditibus
1524 2397 1786 2464 ecclesiae,
1819 2398 1912 2454 vel
1954 2395 2338 2454 oblationibus
2375 2417 2439 2453 ac
2480 2395 2628 2454 votis
2675 2394 2948 2461 fidelium,
2984 2395 3172 2454 alieno
3209 2397 3439 2454 nomine
3478 2418 3567 2456 res

846 2488 1273 2566 comparaverit,
1300 2501 1356 2548 et
1383 2486 1464 2548 ibi
1492 2501 1803 2548 structuras
1831 2488 2043 2557 fecerit,
2072 2488 2163 2548 vel
2191 2508 2321 2564 quae
2347 2488 2419 2546 ad
2446 2485 2739 2545 ecclesiam
2769 2486 3054 2563 pertinent
3081 2483 3160 2546 ibi
3188 2490 3565 2558 collocaverit,

844 2592 899 2637 et
928 2582 1237 2639 mulierum
1263 2581 1772 2656 frequentationem
1792 2578 1934 2639 inibi
1958 2581 2080 2638 fieri
2101 2580 2436 2657 permiserit,
2453 2581 2560 2645 vel,
2578 2579 2730 2654 quod
2761 2578 2987 2654 turpius
3012 2591 3112 2648 est,
3132 2582 3273 2639 tales
3300 2582 3569 2641 mulieres

847 2669 923 2730 ibi
960 2673 1239 2739 habuerit,
1270 2693 1400 2748 quae
1434 2674 1752 2732 lanificium
1793 2694 1964 2731 suum
2005 2683 2317 2740 exerceant,
2349 2683 2407 2729 et
2449 2691 2643 2729 curam
2678 2671 2882 2729 domus
2917 2682 3123 2747 agant:
3170 2683 3228 2728 et
3262 2673 3333 2730 ad
3369 2675 3566 2732 eadem

846 2764 972 2819 loca
1024 2763 1320 2839 presbyter
1368 2761 1684 2839 incongrue
1727 2764 2045 2830 recurrerit,
2086 2763 2545 2839 frequentaverit,
2588 2764 2680 2820 vel
2722 2763 3008 2830 manserit,
3049 2760 3322 2838 quoniam
3371 2778 3569 2824 contra

846 2853 1068 2911 decreta
1110 2874 1394 2912 canonum
1435 2856 1542 2913 hoc
1584 2858 1800 2913 malum
1841 2857 2053 2931 agitur,
2083 2851 2120 2912 a
2146 2856 2356 2931 quibus
2390 2865 2762 2931 perpetratur.
2849 2850 3003 2920 Quia
3030 2850 3173 2913 siciit
3201 2876 3303 2914 nec
3329 2877 3450 2924 sun,
3482 2856 3568 2917 ita

844 2963 947 3000 nec
989 2945 1176 3003 alieno
1218 2945 1447 3005 nomine
1489 2948 1797 3024 presbyter,
1826 2950 1918 3006 vel
1959 2948 2202 3023 quilibet
2244 2948 2351 3005 sub
2393 2949 2611 3022 regula,
2644 2947 2831 3005 foenus
2871 2967 3130 3005 exercere
3170 2949 3353 3016 debet,
3383 2947 3568 3009 multo

848 3031 1034 3094 miniis
1075 3049 1267 3095 autem
1308 3040 1567 3097 fraudem
1608 3039 1790 3097 facere
1831 3040 1901 3096 de
1943 3039 2308 3097 facultatibus
2335 3039 2739 3106 ecclesiasticiS,
2768 3033 3040 3114 quoniam
3070 3040 3176 3097 hoc
3202 3060 3372 3116 agere
3399 3042 3569 3099 sacri·

846 3131 1042 3205 legum
1078 3141 1180 3198 est,
1216 3141 1273 3187 et
1315 3150 1417 3206 par
1457 3131 1672 3188 crimen
1705 3131 1951 3189 Ananiae
1987 3142 2043 3188 et
2076 3131 2389 3207 Sapphirae,
2427 3142 2596 3206 atque
2629 3132 2801 3189 Judoe
2841 3131 3003 3199 furis,
3035 3133 3137 3207 qui
3182 3153 3364 3190 sacras
3410 3134 3569 3191 obla-

845 3221 1044 3289 tione3‚
1066 3243 1194 3297 quae
1221 3223 1292 3280 ad
1319 3243 1458 3281 usus
1488 3224 1743 3281 fidelium
1770 3243 1835 3281 ac
1862 3242 2183 3300 pauperum
2212 3224 2599 3291 mittebantur,
2616 3223 2941 3299 asportabat
2967 3234 3024 3280 et
3052 3223 3363 3282 fiirabatur.
3407 3220 3569 3282 Nam

844 3313 1002 3372 aliud
1041 3327 1125 3373 est
1160 3316 1282 3374 sine
1319 3315 1615 3391 dispendio
1651 3315 1897 3373 ecclesiae
1930 3315 2127 3374 amicis
2173 3316 2265 3374 vel
2309 3315 2641 3392 parentibus
2678 3316 3046 3392 pauperibus,
3077 3327 3178 3374 aut
3218 3317 3571 3391 quibuslibet

845 3408 1188 3466 necestuosis
1215 3410 1273 3480 (i.
1283 3428 1326 3465 e.
1345 3407 1737 3484 indigentibus
1756 3408 1835 3487 yl-
1846 3411 2080 3485 mary.),
2107 3428 2176 3465 ex
2205 3407 2436 3466 caritate
2465 3428 2597 3465 cum
2626 3412 2892 3465 mensura
2918 3419 2975 3465 et
3005 3408 3220 3466 ratione
3247 3409 3570 3476 subvenire,

847 3502 937 3558 vel
977 3499 1327 3576 adjutorium
1368 3500 1529 3566 ferre,
1557 3511 1614 3557 et
1652 3500 1812 3558 aliud
1852 3520 1985 3559 cum
2013 3500 2394 3558 destructione
2420 3499 2683 3567 ecclesiae,
2713 3502 2803 3559 vel
2831 3499 3202 3576 dissipatione
3229 3502 3569 3561 facultatum

845 3592 1366 3658 ecclesiasticarum,
1394 3588 1556 3667 quasi
1598 3589 1810 3661 furtim,
1840 3589 2018 3652 immo
2059 3589 2273 3661 furtim,
2299 3613 2429 3668 quae
2469 3592 2717 3650 ecclesiae
2757 3613 2876 3650 esse
2917 3593 3246 3661 debuerant,
3271 3606 3330 3651 et
3369 3595 3573 3653 usibus

847 3683 1005 3741 illius
1044 3705 1108 3742 ac
1146 3705 1462 3762 pauperum
1498 3705 1596 3743 seu
1634 3685 1927 3762 hospitum
1959 3685 2232 3763 impendi,
2265 3685 2581 3744 carnalium
2624 3681 2923 3743 carnaliter
2963 3687 3166 3744 usibus
3208 3687 3331 3744 sine
3373 3686 3573 3745 divino

753 3790 756 3794 ·
848 3787 1106 3850 respectu
1133 3777 1422 3835 inservire.
1508 3779 1587 3835 Et
1606 3779 1675 3835 de
1695 3779 1840 3837 nihil
1863 3779 2199 3837 habentibus
2227 3789 2521 3856 promotus
2549 3779 2843 3855 presbyter
2867 3797 2982 3836 non
3011 3789 3319 3854 praesumat
3344 3798 3474 3854 quae
3503 3779 3574 3835 de

848 3866 1212 3924 facultatibus
1251 3869 1500 3926 ecclesiae
1541 3870 1953 3946 comparaverit
1994 3874 2250 3939 vendere,
2279 3873 2371 3930 vel
2405 3868 2567 3947 quasi
2594 3872 2666 3929 ad
2694 3891 2923 3929 causam
2951 3872 3065 3930 Dei
3093 3871 3331 3939 tradere,
3361 3871 3473 3930 nisi
3500 3872 3575 3930 ad

849 3959 1142 4017 ecclesiam
1169 3963 1331 4035 cujus
1361 3961 1607 4036 propriae
1634 3982 1754 4020 esse
1781 3963 2005 4028 debent,
2034 3963 2155 4021 sine
2183 3965 2449 4021 consultu
2477 3963 2746 4039 episcopi.

932 4071 1023 4108 xx.
1065 4052 1497 4126 Inquirendum,
1529 4053 1576 4110 si
1603 4054 1672 4110 de
1702 4053 1952 4111 tabernis
1978 4065 2035 4112 et
2063 4056 2132 4112 de
2158 4055 2681 4121 comessationibus,
2709 4066 2766 4112 et
2793 4055 2863 4112 de
2892 4053 3275 4113 familiaritate
3320 4053 3576 4112 indebita

853 4143 1158 4201 mulierum
1188 4164 1246 4201 se
1272 4145 1598 4202 custodiant
1623 4146 1954 4223 presbyteri,
1983 4143 2127 4205 siciit
2154 4144 2462 4224 saepissime
2488 4147 2887 4205 interdiximus
2914 4159 2970 4204 et
2996 4146 3406 4213 interdicimuS,
3435 4141 3579 4222 quia

849 4235 922 4293 ad
949 4236 1352 4294 contumeliam
1380 4249 1629 4296 nostram
1658 4239 1788 4296 lai‘ci
1817 4259 1905 4296 me
1936 4250 2156 4315 petunt,
2182 4251 2247 4297 ut
2268 4241 2317 4298 si
2338 4235 2626 4299 evidenter
2651 4261 2783 4299 cum
2809 4240 3065 4307 testibus,
3086 4228 3201 4315 quo
3228 4240 3430 4316 negari
3456 4258 3578 4296 non

852 4327 1030 4402 possit
1060 4322 1098 4384 ὲ
1122 4349 1429 4404 quoquam,
1459 4331 1854 4408 presbyterum
1894 4331 1958 4388 in
1998 4331 2252 4390 tabernis
2290 4332 2629 4400 invenerint,
2660 4333 2945 4391 caballum
2972 4343 3029 4389 et
3056 4350 3296 4408 cappam
3332 4332 3466 4388 inde
3496 4333 3579 4390 eis
