3882 5037
771 458 921 529 300
1546 449 2323 529 appennis—eontanas!
2351 450 2719 515 Dstumtnts.
3224 455 3413 528 [Ριιιτ
3442 458 3490 513 Ι.

767 657 921 715 istud
949 657 1101 714 ultra
1126 654 1376 713 duorum
1405 653 1689 710 mensium
1729 652 1979 728 spatium
2021 671 2138 710 non
2175 651 2410 719 differat,
2440 663 2566 728 post
2602 653 3028 728 inquisitionem
3062 656 3390 731 hujusmodi
3427 662 3490 718 in

765 748 990 826 scriptis
1019 745 1285 805 notificet.
1366 745 1538 811 Quod
1565 745 1615 802 si
1643 745 1827 802 facere
1856 743 2163 810 obmiserit,
2195 763 2424 820 poenam
2451 745 2834 821 suspensionis
2855 749 2929 805 ab
2958 749 3141 806 officio
3164 749 3490 809 divinorum

767 842 921 899 dicto
947 842 1191 899 duorum
1219 838 1499 896 mensium
1521 838 1702 915 spatio
1727 837 1889 914 lapso
1915 836 2187 904 incurrat,
2216 857 2392 911 quam
2417 837 2586 895 etiam
2614 857 2841 914 poenam
2862 840 3104 914 quilibet
3123 841 3489 909 confratrum,

765 933 868 1008 qui
914 952 1086 1009 super
1134 929 1435 1008 praemissis
1486 928 1789 1004 requisitus
1835 949 1903 987 ea
1944 930 2143 987 bnans
2190 925 2436 988 scienter
2483 930 2765 998 celaverit,
2814 931 3030 990 incidat
3075 931 3249 990 simili
3305 934 3489 992 modo.

766 1019 979 1084 Verum
1020 1019 1163 1098 quia
1205 1023 1472 1082 nonnulli
1518 1030 1794 1098 praetextu
1840 1020 2137 1078 literarum
2177 1020 2634 1097 apostolicarum,
2662 1041 2805 1098 quas
2848 1043 2908 1081 se
2954 1021 3285 1098 impetrasse
3332 1045 3488 1083 men-

766 1115 1003 1184 tiuntur,
1032 1116 1406 1175 ecclesiastiea
1447 1113 1721 1172 beneficia
1759 1112 2019 1172 vacantia
2062 1112 2296 1188 propria
2340 1112 2652 1171 temeritate
2695 1112 2758 1171 in
2803 1113 3124 1190 periculum
3169 1115 3488 1172 animarum

764 1228 999 1266 suarum
1017 1228 1292 1285 occupare
1314 1216 1689 1286 praesumunt,
1709 1204 2055 1272 ordinamus,
2075 1214 2143 1261 ut
2168 1204 2240 1263 de
2265 1215 2466 1262 caetero
2484 1205 2729 1280 quilibet
2747 1207 3005 1272 betanus,
3033 1224 3134 1263 seu
3155 1206 3279 1279 ejus
3299 1207 3491 1263 locum

766 1311 982 1368 tenens,
1010 1296 1128 1358 tam
1154 1320 1369 1367 eorum,
1394 1299 1499 1374 qui
1526 1298 1677 1357 infra
1697 1317 1869 1355 suum
1894 1299 2218 1356 &tanatum
2248 1297 2627 1356 ecclesiastica
2662 1298 2936 1356 beneficia
2969 1298 3168 1374 vigore
3194 1298 3489 1356 literarum

762 1394 1206 1468 apostolicarum
1261 1402 1663 1467 assequuntur,
1716 1384 1896 1464 quam
1951 1389 2121 1447 etiam
2175 1389 2584 1448 beneficiorum
2638 1400 2694 1448 et
2748 1401 3122 1467 patronorum
3176 1390 3488 1448 eorundem

762 1485 996 1542 nomina
1019 1483 1172 1543 infra
1199 1485 1406 1544 mensis
1432 1483 1681 1560 spatium
1710 1475 1749 1540 ὃ,
1775 1492 2027 1555 tempore
2052 1481 2424 1539 assecutionis
2456 1480 2785 1555 hujusmodi
2811 1481 3282 1557 computandum,
3308 1483 3487 1549 nobis,

761 1578 852 1635 vel
883 1576 1092 1635 vicario
1122 1586 1315 1634 nostro
1342 1574 1630 1640 rescribat,
1658 1593 1760 1632 seu
1789 1572 2063 1640 notificet,
2087 1568 2340 1649 alioquin
2366 1571 2614 1630 similem
2642 1591 2886 1648 poenam,
2910 1582 2975 1628 ut
3003 1571 3318 1647 praefertur,
3338 1572 3489 1631 dicto

766 1687 957 1725 mense
984 1670 1146 1743 lapso
1174 1667 1444 1733 incurrat,
1473 1676 1696 1742 tempus
1724 1675 1917 1723 autem
1945 1659 1984 1721 ὲ
2001 1665 2134 1738 jure
2161 1665 2358 1723 datum
2393 1683 2497 1740 pro
2534 1664 2887 1724 conferendis
2926 1662 3214 1722 beneficiis
3240 1665 3490 1740 patronis

764 1758 1158 1816 ecclesiasticis
1186 1777 1282 1815 sex
1307 1777 1547 1824 menses,
1574 1756 1735 1814 lai'cis
1763 1752 1896 1816 vero
1922 1769 2174 1833 quatuor
2198 1757 2577 1831 intelligatur.

842 1843 1132 1908 Praeterea
1156 1848 1461 1907 statuimus
1486 1859 1543 1907 et
1568 1847 1918 1915 ordinamus,
1945 1859 2011 1905 ut
2036 1848 2283 1923 quilibet
2307 1852 2563 1915 bttauus,
2591 1867 2694 1906 seu
2722 1847 2848 1922 ejus
2889 1849 3081 1906 locum
3115 1858 3314 1906 tenens
3339 1847 3489 1905 infra

762 1943 1048 2019 proximos
1076 1952 1189 1998 tres
1215 1960 1433 1999 menses
1471 1935 1511 1998 a
1550 1939 1939 2016 publicatione
1985 1941 2368 2016 praesentium,
2396 1961 2591 2000 omnes
2617 1958 2752 1998 suos
2792 1940 3116 2007 confratres,
3142 1951 3488 2014 eaeterosque

762 2035 1121 2111 presbyteros
1172 2034 1469 2100 seculares,
1513 2042 1571 2089 et
1626 2030 1924 2107 religiosos
1975 2030 2124 2088 infra
2174 2052 2348 2090 suum
2399 2035 2725 2092 bstauatum
2781 2030 3056 2090 beneficia
3109 2029 3490 2089 aeclesiastica

760 2125 1154 2192 inofficiantes,
1186 2124 1256 2182 de
1297 2143 1545 2199 quorum
1586 2122 1789 2191 titulis,
1822 2143 1921 2181 seu
1959 2123 2210 2181 induciis
2245 2123 2354 2181 sibi
2392 2144 2510 2182 non
2550 2133 2786 2189 constat,
2815 2123 2889 2181 ad
2928 2123 3338 2181 ostendendum
3375 2122 3486 2179 sibi

758 2216 1144 2285 investituras,
1177 2227 1279 2274 aut
1313 2215 1574 2274 inducias
1612 2214 2021 2272 beneficiorum
2054 2234 2290 2273 suorum
2328 2227 2572 2282 moneat,
2607 2226 2665 2273 et
2699 2234 2794 2273 eos
2831 2214 2935 2290 qui
2973 2214 3124 2273 infra
3155 2212 3485 2288 quindecim

758 2308 880 2368 dies
906 2307 1332 2368 ammonitionis
1357 2307 1686 2382 hujusmodi
1711 2306 1838 2364 illas
1864 2306 1977 2364 sibi
2001 2326 2119 2364 non
2150 2305 2514 2374 ostenderint,
2542 2307 2615 2365 ab
2652 2306 3053 2365 inofficiatione
3082 2305 3486 2365 beneficiorum

757 2420 994 2460 suorum
1020 2401 1355 2461 auctoritate
1384 2403 1578 2458 nostrss⁴
1604 2398 1667 2456 in
1694 2396 1922 2474 scriptis
1952 2417 2083 2455 cum
2110 2397 2419 2457 insertione
2445 2418 2631 2457 causae
2660 2397 3046 2475 suspensionis
3078 2397 3401 2474 suspendat,
3428 2406 3487 2453 et

757 2492 828 2550 de
854 2505 1056 2553 caetero
1091 2494 1320 2553 nullum
1356 2493 1508 2551 infra
1539 2511 1710 2551 suum
1739 2493 2063 2551 vetantium
2090 2491 2164 2550 ad
2198 2490 2624 2551 inofficiandum
2659 2490 2895 2567 aliquod
2928 2489 3272 2549 beneficium
3310 2489 3487 2548 eccle-

757 2586 1068 2654 siasticum,
1108 2587 1222 2646 nisi
1270 2586 1380 2645 sibi
1430 2580 1589 2662 priiis
1631 2584 1941 2643 ostenderit
1977 2584 2397 2652 investituram,
2441 2595 2543 2642 aut
2596 2583 2857 2642 inducias
2905 2582 3200 2660 sigillatas,
3242 2575 3487 2639 scienter

758 2678 977 2744 toleret,
1010 2689 1068 2735 et
1106 2679 1383 2737 admittat.
1464 2678 1682 2744 Quodsi
1722 2678 2055 2753 quempiam
2091 2678 2297 2735 talium
2336 2677 2531 2736 literas
2573 2697 2724 2745 suas,
2758 2688 2823 2735 ut
2864 2675 3179 2753 praesertur‚
3217 2673 3327 2732 sibi
3367 2694 3484 2732 non

757 2768 1160 2835 ostendentem,
1207 2769 1270 2827 in
1317 2769 1614 2846 regimine,
1660 2779 1718 2827 et
1768 2767 2167 2827 inofficiatione
2219 2769 2584 2828 ecclesiastici
2632 2768 2893 2827 beneficii
2945 2779 3143 2826 contra
3193 2767 3487 2843 praemissa

757 2858 1001 2914 tolerare
1048 2861 1472 2936 presumpserit,
1513 2859 1725 2936 ipsum,
1767 2868 1835 2915 ut
1887 2878 2064 2935 supra
2109 2860 2431 2928 mandatur,
2475 2880 2590 2919 non
2638 2860 3052 2937 suspendendo,
3094 2869 3303 2916 extunc
3349 2856 3484 2915 aliis

754 2948 1083 3022 quindecim
1124 2950 1326 3007 diebus
1366 2950 1574 3027 elapsis
1614 2949 2007 3026 suspensionis
2047 2950 2384 3007 sententiam
2428 2962 2662 3028 propter
2701 2950 3023 3026 hujusmodi
3066 2948 3483 3027 negligentiam

752 3060 916 3098 suam
942 3040 1194 3101 incurrat
1220 3042 1346 3119 ipso
1373 3043 1555 3102 facto:
1599 3042 1675 3100 sit
1700 3042 1872 3100 etiam
1898 3041 2084 3101 forma
2108 3042 2511 3118 suspensionis,
2530 3064 2704 3118 quam
2730 3042 2793 3102 in
2819 3043 3046 3120 scriptis
3061 3039 3249 3103 uttan}
3271 3042 3483 3099 ferant:

754 3134 964 3201 “Quia
996 3140 1061 3191 tu
1090 3136 1356 3203 monitus,
1388 3141 1457 3193 ut
1490 3135 1741 3201 titulum,
1774 3135 1859 3191 vel
1898 3134 2161 3192 inducias
2195 3137 2280 3191 tui
2321 3134 2573 3210 beneficii
2607 3136 2930 3202 ostenderes,
2961 3131 3128 3210 infra
3165 3132 3485 3208 quindecim

751 3227 975 3285 dierum
1001 3230 1255 3304 spatium
1286 3226 1617 3302 hujumodi
1650 3227 1929 3285 mandato
1966 3245 2086 3284 non
2116 3228 2387 3303 paruisti,
2416 3247 2519 3285 nee
2553 3228 2785 3285 titulum
2820 3227 3142 3291 ostendisti,
3184 3217 3308 3281 idea
3343 3242 3481 3280 auc-

752 3321 978 3378 toritate
1013 3321 1155 3377 mila·
1193 3317 1450 3378 concessa
1481 3324 1531 3376 te
1567 3321 1632 3377 in
1668 3320 1758 3377 his
1798 3319 2029 3396 scriptis
2062 3312 2104 3376 ἃ
2133 3320 2334 3377 dwinis
2370 3319 2666 3396 suspendo,
2697 3325 2751 3376 et
2788 3335 3129 3393 suspensum
3162 3314 3487 3373 denuntio?

749 3411 938 3476 Quam
965 3411 1206 3472 formam
1232 3413 1405 3471 etiam
1432 3412 1495 3470 in
1522 3412 1653 3471 aliis
1680 3411 1934 3470 censuris
1961 3410 2293 3488 infligendis
2313 3410 2479 3484 juxta
2503 3429 2804 3468 causarum
2837 3409 3186 3485 exigentiam
3213 3408 3482 3465 volumus

751 3502 1050 3563 observari.

831 3594 1281 3665 considerantes,
1309 3593 1463 3673 quod
1489 3593 1678 3657 Mani
1706 3592 1929 3659 rutulus
1961 3614 2065 3671 pro
2094 3614 2162 3653 eo
2190 3592 2634 3662 constituuntur,
2652 3604 2719 3652 ut
2747 3591 3081 3652 clericorum
3107 3591 3479 3661 honestatem,

750 3695 807 3741 et
839 3687 1185 3746 confratrum
1219 3690 1526 3749 utilitatem
1560 3699 1884 3766 procurent,
1912 3707 2173 3746 excessus
2205 3706 2402 3745 eorum
2439 3686 2701 3752 referant,
2730 3683 2995 3742 mandata
3024 3694 3233 3751 nostra,
3260 3681 3480 3750 vicarii,

747 3787 806 3833 et
832 3778 1087 3837 officialis
1114 3793 1442 3840 nostrorum
1467 3776 1655 3838 debite
1681 3791 2056 3856 exequantur,
2085 3791 2142 3838 et
2179 3779 2430 3855 singula,
2450 3797 2580 3853 quae
2620 3772 2659 3835 a
2693 3774 3083 3853 superioribus
3112 3776 3478 3841 mandantur,

748 3869 822 3927 ad
866 3870 1130 3930 notitiam
1176 3874 1528 3931 confratrum
1572 3892 1807 3932 suorum
1850 3873 2162 3931 deducant:
2216 3890 2348 3947 quae
2388 3891 2519 3928 cum
2561 3864 2600 3927 ὲ.
2640 3863 2998 3931 Βεεαιιεῒίΰιιβ
3048 3868 3169 3926 suis
3218 3867 3478 3923 absentes

747 3974 1035 4037 nequeant
1075 3966 1408 4043 adimplere,
1449 3965 1754 4023 statuimus
1797 3975 1854 4023 et
1900 3966 2249 4031 ordinamus,
2292 3974 2357 4022 ut
2397 3962 2643 4038 quilibet
2683 3964 2921 4022 betanus
2963 3970 3173 4019 nostrae
3221 3957 3477 4016 dioecesis

748 4064 1011 4112 teneatur
1068 4057 1428 4116 residentiam
1487 4057 1667 4116 facere
1726 4058 1877 4117 infra
1940 4078 2112 4115 suum
2165 4061 2492 4118 betanatum
2553 4054 2925 4132 personalem,
2980 4052 3359 4115 decernentes,
3412 4059 3479 4104 ut

747 4146 1002 4205 absentes
1037 4142 1076 4205 ὲ.
1110 4150 1227 4208 suis
1264 4146 1623 4214 betauafflmss
1654 4146 1864 4218 berani,
1893 4150 2009 4208 nisi
2051 4150 2198 4208 infra
2230 4169 2479 4208 mensem
2506 4144 2829 4225 proximum
2855 4139 2893 4201 ὲ
2921 4143 3305 4222 publicatione
3333 4160 3474 4217 prae-

747 4239 996 4298 sentium
1022 4242 1094 4298 ad
1123 4243 1484 4303 residentiam
1513 4239 1721 4309 taliter,
1750 4262 1943 4301 secum
1971 4241 2172 4300 effectu
2199 4240 2529 4318 receperint,
2559 4250 2614 4297 et
2642 4237 2816 4297 etiam
2844 4235 2951 4304 illi,
2969 4235 3072 4312 qui
3092 4255 3151 4293 se
3177 4234 3248 4291 de
3273 4243 3475 4290 caetero

746 4324 786 4387 ὲ.
811 4332 932 4390 suis
970 4332 1324 4398 betanatssms
1367 4334 1804 4399 absentaverim,
1841 4332 2036 4390 animo
2076 4331 2217 4390 alibi
2256 4330 2555 4398 residendi,
2584 4349 2687 4388 seu
2727 4327 3084 4386 domicilium
3123 4335 3283 4384 extra
3320 4326 3472 4383 utta-
