<?xml version="1.0" encoding="UTF-8"?>
<!DOCTYPE html PUBLIC "-//W3C//DTD XHTML 1.0 Transitional//EN"
    "http://www.w3.org/TR/xhtml1/DTD/xhtml1-transitional.dtd">
<html xmlns="http://www.w3.org/1999/xhtml" xml:lang="en" lang="en">
 <head>
  <title>
</title>
<meta http-equiv="Content-Type" content="text/html;charset=utf-8" />
  <meta name='ocr-system' content='tesseract 3.04.00' />
  <meta name='ocr-capabilities' content='ocr_page ocr_carea ocr_par ocr_line ocrx_word'/>
</head>
<body>
  <div class='ocr_page' id='page_1' title='image "./horaedecanicaer03dansgoog_0253.png"; bbox 0 0 3882 5037; ppageno 0'>
   <div class='ocr_carea' id='block_1_1' title="bbox 382 419 3094 501">
    <p class='ocr_par' dir='ltr' id='par_1_1' title="bbox 382 419 3094 501">
     <span class='ocr_line' id='line_1_1' title="bbox 382 419 3094 501; baseline 0.001 -16"><span class='ocrx_word' id='word_1_1' title='bbox 382 431 533 486; x_wconf 58' lang='grc' dir='ltr'>δατ.</span> <span class='ocrx_word' id='word_1_2' title='bbox 551 427 646 501; x_wconf 86' lang='lat' dir='ltr'>V.]</span> <span class='ocrx_word' id='word_1_3' title='bbox 1255 419 1841 494; x_wconf 60' lang='lat' dir='ltr'>§tanta—Diome</span> <span class='ocrx_word' id='word_1_4' title='bbox 1868 422 1928 483; x_wconf 76' lang='lat' dir='ltr'>cf</span> <span class='ocrx_word' id='word_1_5' title='bbox 1951 422 2205 495; x_wconf 58' lang='lat' dir='ltr'>melun.</span> <span class='ocrx_word' id='word_1_6' title='bbox 2942 428 3094 501; x_wconf 74' lang='grc'>237</span> 
     </span>
    </p>
   </div>
   <div class='ocr_carea' id='block_1_2' title="bbox 377 619 3107 2908">
    <p class='ocr_par' dir='ltr' id='par_1_2' title="bbox 377 619 3097 869">
     <span class='ocr_line' id='line_1_2' title="bbox 455 619 3095 705; baseline 0.001 -19"><span class='ocrx_word' id='word_1_7' title='bbox 455 632 622 695; x_wconf 75' lang='lat' dir='ltr'>Item,</span> <span class='ocrx_word' id='word_1_8' title='bbox 649 639 705 688; x_wconf 89' lang='lat' dir='ltr'>et</span> <span class='ocrx_word' id='word_1_9' title='bbox 747 628 897 687; x_wconf 91' lang='lat' dir='ltr'>idem</span> <span class='ocrx_word' id='word_1_10' title='bbox 940 627 1013 685; x_wconf 90' lang='lat' dir='ltr'>de</span> <span class='ocrx_word' id='word_1_11' title='bbox 1054 624 1475 690; x_wconf 86' lang='lat' dir='ltr'>matriculariis,</span> <span class='ocrx_word' id='word_1_12' title='bbox 1504 619 1661 698; x_wconf 71' lang='lat' dir='ltr'>quod</span> <span class='ocrx_word' id='word_1_13' title='bbox 1702 624 1952 683; x_wconf 80' lang='lat' dir='ltr'>ecclesiae</span> <span class='ocrx_word' id='word_1_14' title='bbox 1993 625 2084 683; x_wconf 84' lang='lat' dir='ltr'>vel</span> <span class='ocrx_word' id='word_1_15' title='bbox 2125 636 2319 683; x_wconf 89' lang='lat' dir='ltr'>sancta</span> <span class='ocrx_word' id='word_1_16' title='bbox 2361 626 2559 684; x_wconf 88' lang='lat' dir='ltr'>relicta</span> <span class='ocrx_word' id='word_1_17' title='bbox 2599 638 2918 705; x_wconf 88' lang='lat' dir='ltr'>procurent,</span> <span class='ocrx_word' id='word_1_18' title='bbox 2948 641 3006 688; x_wconf 93' lang='lat' dir='ltr'>et</span> <span class='ocrx_word' id='word_1_19' title='bbox 3047 631 3095 688; x_wconf 92' lang='lat' dir='ltr'>si</span> 
     </span>
     <span class='ocr_line' id='line_1_3' title="bbox 378 710 3097 794; baseline 0 -17"><span class='ocrx_word' id='word_1_20' title='bbox 378 719 550 794; x_wconf 86' lang='lat' dir='ltr'>aliqui</span> <span class='ocrx_word' id='word_1_21' title='bbox 577 721 691 776; x_wconf 89' lang='lat' dir='ltr'>sint</span> <span class='ocrx_word' id='word_1_22' title='bbox 717 719 934 776; x_wconf 86' lang='lat' dir='ltr'>reditus</span> <span class='ocrx_word' id='word_1_23' title='bbox 964 716 1211 775; x_wconf 62' lang='lat' dir='ltr'>ecclesiae</span> <span class='ocrx_word' id='word_1_24' title='bbox 1239 716 1574 781; x_wconf 67' lang='lat' dir='ltr'><strong>detinentes»,</strong></span> <span class='ocrx_word' id='word_1_25' title='bbox 1602 710 1756 790; x_wconf 74' lang='lat' dir='ltr'>quod</span> <span class='ocrx_word' id='word_1_26' title='bbox 1784 714 2031 791; x_wconf 87' lang='lat' dir='ltr'>singulis</span> <span class='ocrx_word' id='word_1_27' title='bbox 2065 715 2266 774; x_wconf 87' lang='lat' dir='ltr'>diebus</span> <span class='ocrx_word' id='word_1_28' title='bbox 2294 717 2596 776; x_wconf 87' lang='lat' dir='ltr'>dominicis</span> <span class='ocrx_word' id='word_1_29' title='bbox 2618 722 3097 780; x_wconf 84' lang='lat' dir='ltr'>excommunicati</span> 
     </span>
     <span class='ocr_line' id='line_1_4' title="bbox 377 812 734 869; baseline -0.006 -1"><span class='ocrx_word' id='word_1_30' title='bbox 377 812 734 869; x_wconf 89' lang='lat' dir='ltr'>nuncientur.</span> 
     </span>
    </p>

    <p class='ocr_par' dir='ltr' id='par_1_3' title="bbox 378 897 3102 1509">
     <span class='ocr_line' id='line_1_5' title="bbox 455 897 3097 981; baseline 0.001 -20"><span class='ocrx_word' id='word_1_31' title='bbox 455 905 621 969; x_wconf 75' lang='lat' dir='ltr'>Item,</span> <span class='ocrx_word' id='word_1_32' title='bbox 647 912 879 980; x_wconf 88' lang='lat' dir='ltr'>propter</span> <span class='ocrx_word' id='word_1_33' title='bbox 920 898 1178 977; x_wconf 90' lang='lat' dir='ltr'>pericula</span> <span class='ocrx_word' id='word_1_34' title='bbox 1217 917 1347 973; x_wconf 81' lang='lat' dir='ltr'>quae</span> <span class='ocrx_word' id='word_1_35' title='bbox 1387 898 1539 955; x_wconf 88' lang='lat' dir='ltr'>circa</span> <span class='ocrx_word' id='word_1_36' title='bbox 1579 908 1779 975; x_wconf 89' lang='lat' dir='ltr'>partus</span> <span class='ocrx_word' id='word_1_37' title='bbox 1820 898 2125 958; x_wconf 85' lang='lat' dir='ltr'>mulierum</span> <span class='ocrx_word' id='word_1_38' title='bbox 2169 897 2314 978; x_wconf 68' lang='lat' dir='ltr'>saepe</span> <span class='ocrx_word' id='word_1_39' title='bbox 2357 901 2647 969; x_wconf 84' lang='lat' dir='ltr'>eveniunt,</span> <span class='ocrx_word' id='word_1_40' title='bbox 2674 900 2982 981; x_wconf 65' lang='lat' dir='ltr'>diligenter</span> <span class='ocrx_word' id='word_1_41' title='bbox 3008 905 3097 964; x_wconf 89' lang='lat' dir='ltr'>in-</span> 
     </span>
     <span class='ocr_line' id='line_1_6' title="bbox 378 986 3102 1071; baseline 0 -18"><span class='ocrx_word' id='word_1_42' title='bbox 378 996 565 1071; x_wconf 90' lang='lat' dir='ltr'>quirat</span> <span class='ocrx_word' id='word_1_43' title='bbox 591 1005 649 1052; x_wconf 90' lang='lat' dir='ltr'>et</span> <span class='ocrx_word' id='word_1_44' title='bbox 676 993 847 1050; x_wconf 86' lang='lat' dir='ltr'>faciat</span> <span class='ocrx_word' id='word_1_45' title='bbox 887 986 1042 1066; x_wconf 74' lang='lat' dir='ltr'>quod</span> <span class='ocrx_word' id='word_1_46' title='bbox 1082 989 1144 1047; x_wconf 89' lang='lat' dir='ltr'>in</span> <span class='ocrx_word' id='word_1_47' title='bbox 1182 992 1532 1065; x_wconf 60' lang='lat' dir='ltr'>unaquaque</span> <span class='ocrx_word' id='word_1_48' title='bbox 1560 989 1827 1066; x_wconf 72' lang='lat' dir='ltr'>parochia</span> <span class='ocrx_word' id='word_1_49' title='bbox 1870 1010 1988 1048; x_wconf 90' lang='lat' dir='ltr'>una</span> <span class='ocrx_word' id='word_1_50' title='bbox 2027 990 2100 1048; x_wconf 89' lang='lat' dir='ltr'>sit</span> <span class='ocrx_word' id='word_1_51' title='bbox 2127 991 2396 1049; x_wconf 82' lang='lat' dir='ltr'>obstetrix</span> <span class='ocrx_word' id='word_1_52' title='bbox 2430 993 2622 1066; x_wconf 86' lang='lat' dir='ltr'>jurata</span> <span class='ocrx_word' id='word_1_53' title='bbox 2661 1004 2764 1051; x_wconf 90' lang='lat' dir='ltr'>aut</span> <span class='ocrx_word' id='word_1_54' title='bbox 2792 994 2918 1053; x_wconf 86' lang='lat' dir='ltr'>duae</span> <span class='ocrx_word' id='word_1_55' title='bbox 2938 998 3102 1070; x_wconf 84' lang='lat' dir='ltr'>juxta</span> 
     </span>
     <span class='ocr_line' id='line_1_7' title="bbox 379 1080 3098 1163; baseline 0 -18"><span class='ocrx_word' id='word_1_56' title='bbox 379 1086 655 1162; x_wconf 66' lang='lat' dir='ltr'>parochiae</span> <span class='ocrx_word' id='word_1_57' title='bbox 682 1082 1131 1147; x_wconf 81' lang='lat' dir='ltr'>multitudinem,</span> <span class='ocrx_word' id='word_1_58' title='bbox 1160 1092 1216 1139; x_wconf 92' lang='lat' dir='ltr'>et</span> <span class='ocrx_word' id='word_1_59' title='bbox 1242 1081 1316 1137; x_wconf 90' lang='lat' dir='ltr'>ad</span> <span class='ocrx_word' id='word_1_60' title='bbox 1345 1082 1490 1138; x_wconf 90' lang='lat' dir='ltr'>hanc</span> <span class='ocrx_word' id='word_1_61' title='bbox 1520 1080 1845 1155; x_wconf 87' lang='lat' dir='ltr'>eligendam</span> <span class='ocrx_word' id='word_1_62' title='bbox 1872 1091 1928 1139; x_wconf 90' lang='lat' dir='ltr'>et</span> <span class='ocrx_word' id='word_1_63' title='bbox 1963 1083 2387 1158; x_wconf 88' lang='lat' dir='ltr'>procurandum</span> <span class='ocrx_word' id='word_1_64' title='bbox 2413 1084 2568 1159; x_wconf 91' lang='lat' dir='ltr'>quod</span> <span class='ocrx_word' id='word_1_65' title='bbox 2596 1085 2848 1161; x_wconf 89' lang='lat' dir='ltr'>eligatur</span> <span class='ocrx_word' id='word_1_66' title='bbox 2888 1098 3098 1163; x_wconf 83' lang='lat' dir='ltr'>cogant</span> 
     </span>
     <span class='ocr_line' id='line_1_8' title="bbox 379 1171 3097 1249; baseline 0.001 -15"><span class='ocrx_word' id='word_1_67' title='bbox 379 1177 790 1234; x_wconf 78' lang='lat' dir='ltr'>matricularios</span> <span class='ocrx_word' id='word_1_68' title='bbox 819 1172 1070 1232; x_wconf 83' lang='lat' dir='ltr'>ecclesiae</span> <span class='ocrx_word' id='word_1_69' title='bbox 1111 1192 1214 1248; x_wconf 85' lang='lat' dir='ltr'>per</span> <span class='ocrx_word' id='word_1_70' title='bbox 1252 1171 1576 1230; x_wconf 74' lang='lat' dir='ltr'>citationem</span> <span class='ocrx_word' id='word_1_71' title='bbox 1606 1172 1795 1237; x_wconf 85' lang='lat' dir='ltr'>officii,</span> <span class='ocrx_word' id='word_1_72' title='bbox 1822 1172 1870 1229; x_wconf 91' lang='lat' dir='ltr'>si</span> <span class='ocrx_word' id='word_1_73' title='bbox 1900 1192 2044 1249; x_wconf 90' lang='lat' dir='ltr'>opus</span> <span class='ocrx_word' id='word_1_74' title='bbox 2071 1173 2161 1240; x_wconf 90' lang='lat' dir='ltr'>sit,</span> <span class='ocrx_word' id='word_1_75' title='bbox 2192 1172 2487 1249; x_wconf 84' lang='lat' dir='ltr'>ipsamque</span> <span class='ocrx_word' id='word_1_76' title='bbox 2514 1176 2751 1233; x_wconf 76' lang='lat' dir='ltr'>electam</span> <span class='ocrx_word' id='word_1_77' title='bbox 2778 1177 2850 1234; x_wconf 89' lang='lat' dir='ltr'>ad</span> <span class='ocrx_word' id='word_1_78' title='bbox 2878 1180 3097 1236; x_wconf 89' lang='lat' dir='ltr'>curiam</span> 
     </span>
     <span class='ocr_line' id='line_1_9' title="bbox 381 1263 3100 1344; baseline 0.001 -18"><span class='ocrx_word' id='word_1_79' title='bbox 381 1270 600 1326; x_wconf 83' lang='lat' dir='ltr'>mittant</span> <span class='ocrx_word' id='word_1_80' title='bbox 646 1263 898 1331; x_wconf 65' lang='lat' dir='ltr'>indilate,</span> <span class='ocrx_word' id='word_1_81' title='bbox 944 1275 1011 1321; x_wconf 90' lang='lat' dir='ltr'>ut</span> <span class='ocrx_word' id='word_1_82' title='bbox 1051 1264 1419 1328; x_wconf 79' lang='lat' dir='ltr'>examinetur,</span> <span class='ocrx_word' id='word_1_83' title='bbox 1464 1274 1521 1321; x_wconf 89' lang='lat' dir='ltr'>et</span> <span class='ocrx_word' id='word_1_84' title='bbox 1556 1267 1727 1338; x_wconf 87' lang='lat' dir='ltr'>juret,</span> <span class='ocrx_word' id='word_1_85' title='bbox 1770 1274 1835 1320; x_wconf 90' lang='lat' dir='ltr'>ut</span> <span class='ocrx_word' id='word_1_86' title='bbox 1879 1264 2055 1322; x_wconf 90' lang='lat' dir='ltr'>moris</span> <span class='ocrx_word' id='word_1_87' title='bbox 2099 1276 2197 1331; x_wconf 81' lang='lat' dir='ltr'>est,</span> <span class='ocrx_word' id='word_1_88' title='bbox 2235 1266 2563 1340; x_wconf 82' lang='lat' dir='ltr'>litterasque</span> <span class='ocrx_word' id='word_1_89' title='bbox 2599 1268 3025 1344; x_wconf 85' lang='lat' dir='ltr'>approbationis</span> <span class='ocrx_word' id='word_1_90' title='bbox 3062 1266 3100 1327; x_wconf 75' lang='grc' dir='ltr'>ὸ,</span> 
     </span>
     <span class='ocr_line' id='line_1_10' title="bbox 381 1354 3099 1436; baseline 0.001 -20"><span class='ocrx_word' id='word_1_91' title='bbox 381 1360 538 1416; x_wconf 69' lang='lat' dir='ltr'>curia</span> <span class='ocrx_word' id='word_1_92' title='bbox 581 1358 853 1423; x_wconf 90' lang='lat' dir='ltr'>obtineat,</span> <span class='ocrx_word' id='word_1_93' title='bbox 901 1367 959 1415; x_wconf 91' lang='lat' dir='ltr'>et</span> <span class='ocrx_word' id='word_1_94' title='bbox 999 1355 1069 1414; x_wconf 90' lang='lat' dir='ltr'>de</span> <span class='ocrx_word' id='word_1_95' title='bbox 1113 1361 1232 1432; x_wconf 87' lang='lat' dir='ltr'>ejus</span> <span class='ocrx_word' id='word_1_96' title='bbox 1281 1354 1557 1413; x_wconf 87' lang='lat' dir='ltr'>electione</span> <span class='ocrx_word' id='word_1_97' title='bbox 1606 1355 1893 1423; x_wconf 85' lang='lat' dir='ltr'>rescribat,</span> <span class='ocrx_word' id='word_1_98' title='bbox 1954 1367 2056 1414; x_wconf 89' lang='lat' dir='ltr'>aut</span> <span class='ocrx_word' id='word_1_99' title='bbox 2098 1357 2332 1415; x_wconf 85' lang='lat' dir='ltr'>rescribi</span> <span class='ocrx_word' id='word_1_100' title='bbox 2386 1358 2651 1433; x_wconf 87' lang='lat' dir='ltr'>injungat</span> <span class='ocrx_word' id='word_1_101' title='bbox 2697 1379 2800 1436; x_wconf 89' lang='lat' dir='ltr'>par</span> <span class='ocrx_word' id='word_1_102' title='bbox 2849 1363 3099 1420; x_wconf 81' lang='lat' dir='ltr'>ecclesiae</span> 
     </span>
     <span class='ocr_line' id='line_1_11' title="bbox 385 1462 662 1509; baseline 0 0"><span class='ocrx_word' id='word_1_103' title='bbox 385 1462 662 1509; x_wconf 84' lang='lat' dir='ltr'>rectorem.</span> 
     </span>
    </p>

    <p class='ocr_par' dir='ltr' id='par_1_4' title="bbox 385 1537 3107 2538">
     <span class='ocr_line' id='line_1_12' title="bbox 460 1537 3101 1618; baseline 0.002 -20"><span class='ocrx_word' id='word_1_104' title='bbox 460 1543 622 1608; x_wconf 75' lang='lat' dir='ltr'>Item,</span> <span class='ocrx_word' id='word_1_105' title='bbox 651 1559 1124 1616; x_wconf 88' lang='lat' dir='ltr'>unumquemque</span> <span class='ocrx_word' id='word_1_106' title='bbox 1167 1550 1441 1598; x_wconf 88' lang='lat' dir='ltr'>rectorem</span> <span class='ocrx_word' id='word_1_107' title='bbox 1481 1537 1732 1596; x_wconf 67' lang='lat' dir='ltr'>ecclesias</span> <span class='ocrx_word' id='word_1_108' title='bbox 1772 1550 1982 1617; x_wconf 85' lang='lat' dir='ltr'>cogant</span> <span class='ocrx_word' id='word_1_109' title='bbox 2023 1551 2236 1598; x_wconf 89' lang='lat' dir='ltr'>statuta</span> <span class='ocrx_word' id='word_1_110' title='bbox 2276 1542 2570 1618; x_wconf 83' lang='lat' dir='ltr'>synodalia</span> <span class='ocrx_word' id='word_1_111' title='bbox 2597 1552 2656 1600; x_wconf 90' lang='lat' dir='ltr'>et</span> <span class='ocrx_word' id='word_1_112' title='bbox 2684 1563 2862 1602; x_wconf 79' lang='lat' dir='ltr'>novas</span> <span class='ocrx_word' id='word_1_113' title='bbox 2895 1545 3101 1604; x_wconf 90' lang='lat' dir='ltr'>consti·</span> 
     </span>
     <span class='ocr_line' id='line_1_13' title="bbox 388 1629 3101 1714; baseline 0.002 -24"><span class='ocrx_word' id='word_1_114' title='bbox 388 1636 627 1693; x_wconf 83' lang='lat' dir='ltr'>tationes</span> <span class='ocrx_word' id='word_1_115' title='bbox 652 1633 861 1691; x_wconf 89' lang='lat' dir='ltr'>habere</span> <span class='ocrx_word' id='word_1_116' title='bbox 888 1633 994 1690; x_wconf 88' lang='lat' dir='ltr'>sub</span> <span class='ocrx_word' id='word_1_117' title='bbox 1020 1635 1185 1708; x_wconf 71' lang='lat' dir='ltr'>poenfl</span> <span class='ocrx_word' id='word_1_118' title='bbox 1209 1632 1404 1689; x_wconf 79' lang='lat' dir='ltr'>statuti</span> <span class='ocrx_word' id='word_1_119' title='bbox 1428 1631 1750 1707; x_wconf 88' lang='lat' dir='ltr'>synodalis;</span> <span class='ocrx_word' id='word_1_120' title='bbox 1787 1629 2041 1708; x_wconf 84' lang='lat' dir='ltr'>alioquin</span> <span class='ocrx_word' id='word_1_121' title='bbox 2062 1652 2229 1709; x_wconf 86' lang='lat' dir='ltr'>poena</span> <span class='ocrx_word' id='word_1_122' title='bbox 2252 1634 2503 1708; x_wconf 87' lang='lat' dir='ltr'>ejusdem</span> <span class='ocrx_word' id='word_1_123' title='bbox 2532 1635 2732 1692; x_wconf 88' lang='lat' dir='ltr'>statuti</span> <span class='ocrx_word' id='word_1_124' title='bbox 2751 1637 2825 1694; x_wconf 90' lang='lat' dir='ltr'>ab</span> <span class='ocrx_word' id='word_1_125' title='bbox 2846 1636 3101 1714; x_wconf 87' lang='lat' dir='ltr'>ipsorum</span> 
     </span>
     <span class='ocr_line' id='line_1_14' title="bbox 389 1723 3104 1800; baseline 0.001 -17"><span class='ocrx_word' id='word_1_126' title='bbox 389 1727 634 1800; x_wconf 91' lang='lat' dir='ltr'>quolibet</span> <span class='ocrx_word' id='word_1_127' title='bbox 659 1725 938 1800; x_wconf 86' lang='lat' dir='ltr'>exigetur.</span> <span class='ocrx_word' id='word_1_128' title='bbox 1017 1724 1243 1790; x_wconf 86' lang='lat' dir='ltr'>Quibus</span> <span class='ocrx_word' id='word_1_129' title='bbox 1266 1724 1315 1780; x_wconf 92' lang='lat' dir='ltr'>si</span> <span class='ocrx_word' id='word_1_130' title='bbox 1343 1723 1575 1798; x_wconf 89' lang='lat' dir='ltr'>quidem</span> <span class='ocrx_word' id='word_1_131' title='bbox 1620 1724 1882 1781; x_wconf 84' lang='lat' dir='ltr'>scrutatis</span> <span class='ocrx_word' id='word_1_132' title='bbox 1913 1724 2196 1783; x_wconf 83' lang='lat' dir='ltr'>visitando</span> <span class='ocrx_word' id='word_1_133' title='bbox 2223 1725 2471 1783; x_wconf 64' lang='lat' dir='ltr'>ecclesia!</span> <span class='ocrx_word' id='word_1_134' title='bbox 2502 1736 2725 1794; x_wconf 86' lang='lat' dir='ltr'>statum,</span> <span class='ocrx_word' id='word_1_135' title='bbox 2753 1739 2807 1787; x_wconf 90' lang='lat' dir='ltr'>et</span> <span class='ocrx_word' id='word_1_136' title='bbox 2836 1730 3104 1794; x_wconf 84' lang='lat' dir='ltr'>sacraria,</span> 
     </span>
     <span class='ocr_line' id='line_1_15' title="bbox 385 1812 3105 1898; baseline 0.001 -21"><span class='ocrx_word' id='word_1_137' title='bbox 385 1820 580 1893; x_wconf 86' lang='lat' dir='ltr'>jocalia</span> <span class='ocrx_word' id='word_1_138' title='bbox 625 1829 681 1877; x_wconf 92' lang='lat' dir='ltr'>et</span> <span class='ocrx_word' id='word_1_139' title='bbox 730 1816 967 1874; x_wconf 86' lang='lat' dir='ltr'>mobilia</span> <span class='ocrx_word' id='word_1_140' title='bbox 1009 1835 1387 1890; x_wconf 65' lang='lat' dir='ltr'>quaecumque</span> <span class='ocrx_word' id='word_1_141' title='bbox 1430 1812 1738 1893; x_wconf 62' lang='lat' dir='ltr'>diligenter</span> <span class='ocrx_word' id='word_1_142' title='bbox 1785 1827 2071 1875; x_wconf 82' lang='lat' dir='ltr'>scrutetur</span> <span class='ocrx_word' id='word_1_143' title='bbox 2112 1828 2168 1874; x_wconf 92' lang='lat' dir='ltr'>et</span> <span class='ocrx_word' id='word_1_144' title='bbox 2204 1817 2510 1894; x_wconf 86' lang='lat' dir='ltr'>perquirat.</span> <span class='ocrx_word' id='word_1_145' title='bbox 2592 1815 2792 1876; x_wconf 78' lang='lat' dir='ltr'>Primo</span> <span class='ocrx_word' id='word_1_146' title='bbox 2829 1817 3030 1898; x_wconf 65' lang='lat' dir='ltr'>nempe</span> <span class='ocrx_word' id='word_1_147' title='bbox 3067 1817 3105 1879; x_wconf 68' lang='lat' dir='ltr'>a</span> 
     </span>
     <span class='ocr_line' id='line_1_16' title="bbox 393 1906 3106 1989; baseline 0.001 -21"><span class='ocrx_word' id='word_1_148' title='bbox 393 1910 741 1988; x_wconf 85' lang='lat' dir='ltr'>dignioribus</span> <span class='ocrx_word' id='word_1_149' title='bbox 794 1909 1068 1966; x_wconf 85' lang='lat' dir='ltr'>inchoans</span> <span class='ocrx_word' id='word_1_150' title='bbox 1111 1927 1317 1984; x_wconf 90' lang='lat' dir='ltr'>corpus</span> <span class='ocrx_word' id='word_1_151' title='bbox 1360 1908 1574 1965; x_wconf 87' lang='lat' dir='ltr'>Christi</span> <span class='ocrx_word' id='word_1_152' title='bbox 1618 1928 1838 1966; x_wconf 88' lang='lat' dir='ltr'>sacram</span> <span class='ocrx_word' id='word_1_153' title='bbox 1884 1908 2279 1968; x_wconf 87' lang='lat' dir='ltr'>eucharistiam</span> <span class='ocrx_word' id='word_1_154' title='bbox 2337 1906 2660 1967; x_wconf 67' lang='lat' dir='ltr'>reverenter</span> <span class='ocrx_word' id='word_1_155' title='bbox 2715 1913 3004 1989; x_wconf 87' lang='lat' dir='ltr'>suscipiat,</span> <span class='ocrx_word' id='word_1_156' title='bbox 3050 1924 3106 1972; x_wconf 93' lang='lat' dir='ltr'>et</span> 
     </span>
     <span class='ocr_line' id='line_1_17' title="bbox 395 2000 3106 2077; baseline 0.001 -15"><span class='ocrx_word' id='word_1_157' title='bbox 395 2002 616 2062; x_wconf 66' lang='lat' dir='ltr'>honeste</span> <span class='ocrx_word' id='word_1_158' title='bbox 648 2022 856 2060; x_wconf 86' lang='lat' dir='ltr'>cavens</span> <span class='ocrx_word' id='word_1_159' title='bbox 889 2001 1039 2059; x_wconf 77' lang='lat' dir='ltr'>circa</span> <span class='ocrx_word' id='word_1_160' title='bbox 1078 2001 1197 2074; x_wconf 87' lang='lat' dir='ltr'>ejus</span> <span class='ocrx_word' id='word_1_161' title='bbox 1234 2000 1781 2058; x_wconf 87' lang='lat' dir='ltr'>administrationem</span> <span class='ocrx_word' id='word_1_162' title='bbox 1820 2010 1878 2057; x_wconf 90' lang='lat' dir='ltr'>et</span> <span class='ocrx_word' id='word_1_163' title='bbox 1921 2002 2179 2067; x_wconf 87' lang='lat' dir='ltr'>tutelam,</span> <span class='ocrx_word' id='word_1_164' title='bbox 2216 2002 2476 2075; x_wconf 65' lang='lat' dir='ltr'>quasdam</span> <span class='ocrx_word' id='word_1_165' title='bbox 2526 2002 2809 2077; x_wconf 87' lang='lat' dir='ltr'>specialia,</span> <span class='ocrx_word' id='word_1_166' title='bbox 2842 2004 3106 2063; x_wconf 64' lang='lat' dir='ltr'>videlicet</span> 
     </span>
     <span class='ocr_line' id='line_1_18' title="bbox 396 2092 3103 2170; baseline 0.001 -17"><span class='ocrx_word' id='word_1_167' title='bbox 396 2109 453 2153; x_wconf 87' lang='lat' dir='ltr'>ut</span> <span class='ocrx_word' id='word_1_168' title='bbox 495 2097 552 2155; x_wconf 88' lang='lat' dir='ltr'>in</span> <span class='ocrx_word' id='word_1_169' title='bbox 595 2115 728 2154; x_wconf 79' lang='lat' dir='ltr'>vase</span> <span class='ocrx_word' id='word_1_170' title='bbox 776 2093 991 2151; x_wconf 90' lang='lat' dir='ltr'>mundo</span> <span class='ocrx_word' id='word_1_171' title='bbox 1038 2106 1095 2150; x_wconf 91' lang='lat' dir='ltr'>et</span> <span class='ocrx_word' id='word_1_172' title='bbox 1143 2092 1377 2150; x_wconf 88' lang='lat' dir='ltr'>honesto</span> <span class='ocrx_word' id='word_1_173' title='bbox 1425 2112 1615 2169; x_wconf 91' lang='lat' dir='ltr'>panno</span> <span class='ocrx_word' id='word_1_174' title='bbox 1662 2093 1916 2151; x_wconf 87' lang='lat' dir='ltr'>sericove</span> <span class='ocrx_word' id='word_1_175' title='bbox 1968 2093 2204 2151; x_wconf 89' lang='lat' dir='ltr'>honesto</span> <span class='ocrx_word' id='word_1_176' title='bbox 2250 2105 2515 2170; x_wconf 89' lang='lat' dir='ltr'>cooperto</span> <span class='ocrx_word' id='word_1_177' title='bbox 2561 2094 2621 2151; x_wconf 89' lang='lat' dir='ltr'>in</span> <span class='ocrx_word' id='word_1_178' title='bbox 2664 2097 2971 2154; x_wconf 87' lang='lat' dir='ltr'>armariolo</span> <span class='ocrx_word' id='word_1_179' title='bbox 3013 2100 3103 2156; x_wconf 86' lang='lat' dir='ltr'>vel</span> 
     </span>
     <span class='ocr_line' id='line_1_19' title="bbox 398 2182 3106 2262; baseline -0 -17"><span class='ocrx_word' id='word_1_180' title='bbox 398 2188 625 2245; x_wconf 69' lang='lat' dir='ltr'>fenestra</span> <span class='ocrx_word' id='word_1_181' title='bbox 654 2187 763 2243; x_wconf 91' lang='lat' dir='ltr'>sub</span> <span class='ocrx_word' id='word_1_182' title='bbox 791 2188 913 2242; x_wconf 67' lang='lat' dir='ltr'>tuta</span> <span class='ocrx_word' id='word_1_183' title='bbox 940 2195 995 2243; x_wconf 91' lang='lat' dir='ltr'>et</span> <span class='ocrx_word' id='word_1_184' title='bbox 1027 2184 1138 2241; x_wconf 72' lang='lat' dir='ltr'>fida</span> <span class='ocrx_word' id='word_1_185' title='bbox 1169 2185 1329 2242; x_wconf 88' lang='lat' dir='ltr'>clave</span> <span class='ocrx_word' id='word_1_186' title='bbox 1365 2182 1681 2252; x_wconf 85' lang='lat' dir='ltr'>claudatur,</span> <span class='ocrx_word' id='word_1_187' title='bbox 1708 2204 1782 2241; x_wconf 87' lang='lat' dir='ltr'>ne</span> <span class='ocrx_word' id='word_1_188' title='bbox 1819 2185 2000 2261; x_wconf 89' lang='lat' dir='ltr'>possit</span> <span class='ocrx_word' id='word_1_189' title='bbox 2041 2183 2115 2241; x_wconf 89' lang='lat' dir='ltr'>ad</span> <span class='ocrx_word' id='word_1_190' title='bbox 2154 2183 2306 2241; x_wconf 90' lang='lat' dir='ltr'>illud</span> <span class='ocrx_word' id='word_1_191' title='bbox 2344 2184 2645 2242; x_wconf 85' lang='lat' dir='ltr'>temeraria</span> <span class='ocrx_word' id='word_1_192' title='bbox 2680 2186 2772 2242; x_wconf 85' lang='lat' dir='ltr'>vel</span> <span class='ocrx_word' id='word_1_193' title='bbox 2812 2188 3106 2262; x_wconf 88' lang='lat' dir='ltr'>prophana</span> 
     </span>
     <span class='ocr_line' id='line_1_20' title="bbox 399 2273 3107 2351; baseline -0.001 -14"><span class='ocrx_word' id='word_1_194' title='bbox 399 2300 583 2337; x_wconf 86' lang='lat' dir='ltr'>manns</span> <span class='ocrx_word' id='word_1_195' title='bbox 610 2277 836 2336; x_wconf 83' lang='lat' dir='ltr'>extendi</span> <span class='ocrx_word' id='word_1_196' title='bbox 862 2278 933 2334; x_wconf 87' lang='lat' dir='ltr'>ad</span> <span class='ocrx_word' id='word_1_197' title='bbox 962 2274 1261 2333; x_wconf 89' lang='lat' dir='ltr'>horribilia</span> <span class='ocrx_word' id='word_1_198' title='bbox 1300 2286 1358 2332; x_wconf 93' lang='lat' dir='ltr'>et</span> <span class='ocrx_word' id='word_1_199' title='bbox 1397 2275 1616 2333; x_wconf 87' lang='lat' dir='ltr'>nefaria</span> <span class='ocrx_word' id='word_1_200' title='bbox 1642 2275 2060 2334; x_wconf 86' lang='lat' dir='ltr'>committenda.</span> <span class='ocrx_word' id='word_1_201' title='bbox 2142 2275 2295 2331; x_wconf 88' lang='lat' dir='ltr'>Nam</span> <span class='ocrx_word' id='word_1_202' title='bbox 2327 2276 2376 2332; x_wconf 88' lang='lat' dir='ltr'>si</span> <span class='ocrx_word' id='word_1_203' title='bbox 2403 2273 2629 2333; x_wconf 69' lang='lat' dir='ltr'>incaute</span> <span class='ocrx_word' id='word_1_204' title='bbox 2661 2276 3031 2351; x_wconf 86' lang='lat' dir='ltr'>relinquatur,</span> <span class='ocrx_word' id='word_1_205' title='bbox 3057 2279 3107 2336; x_wconf 88' lang='lat' dir='ltr'>is</span> 
     </span>
     <span class='ocr_line' id='line_1_21' title="bbox 399 2366 3104 2447; baseline 0 -19"><span class='ocrx_word' id='word_1_206' title='bbox 399 2371 462 2427; x_wconf 85' lang='lat' dir='ltr'>ad</span> <span class='ocrx_word' id='word_1_207' title='bbox 494 2391 661 2447; x_wconf 88' lang='lat' dir='ltr'>quem</span> <span class='ocrx_word' id='word_1_208' title='bbox 704 2370 826 2442; x_wconf 88' lang='lat' dir='ltr'>ejus</span> <span class='ocrx_word' id='word_1_209' title='bbox 867 2367 1124 2426; x_wconf 85' lang='lat' dir='ltr'>custodia</span> <span class='ocrx_word' id='word_1_210' title='bbox 1159 2367 1423 2445; x_wconf 86' lang='lat' dir='ltr'>pertinet,</span> <span class='ocrx_word' id='word_1_211' title='bbox 1450 2366 1637 2424; x_wconf 89' lang='lat' dir='ltr'>tribus</span> <span class='ocrx_word' id='word_1_212' title='bbox 1678 2366 1969 2425; x_wconf 86' lang='lat' dir='ltr'>mensibus</span> <span class='ocrx_word' id='word_1_213' title='bbox 2010 2376 2095 2424; x_wconf 87' lang='lat' dir='ltr'>est</span> <span class='ocrx_word' id='word_1_214' title='bbox 2136 2367 2209 2424; x_wconf 90' lang='lat' dir='ltr'>ab</span> <span class='ocrx_word' id='word_1_215' title='bbox 2249 2367 2436 2426; x_wconf 85' lang='lat' dir='ltr'>officio</span> <span class='ocrx_word' id='word_1_216' title='bbox 2464 2368 2929 2445; x_wconf 77' lang='lat' dir='ltr'>suspendendus:</span> <span class='ocrx_word' id='word_1_217' title='bbox 2971 2379 3027 2428; x_wconf 91' lang='lat' dir='ltr'>et</span> <span class='ocrx_word' id='word_1_218' title='bbox 3056 2371 3104 2428; x_wconf 92' lang='lat' dir='ltr'>si</span> 
     </span>
     <span class='ocr_line' id='line_1_22' title="bbox 400 2458 2537 2538; baseline -0.001 -18"><span class='ocrx_word' id='word_1_219' title='bbox 400 2463 669 2521; x_wconf 79' lang='lat' dir='ltr'>nefarium</span> <span class='ocrx_word' id='word_1_220' title='bbox 696 2461 837 2536; x_wconf 89' lang='lat' dir='ltr'>quid</span> <span class='ocrx_word' id='word_1_221' title='bbox 866 2460 1187 2537; x_wconf 88' lang='lat' dir='ltr'>contigerit,</span> <span class='ocrx_word' id='word_1_222' title='bbox 1217 2461 1451 2536; x_wconf 81' lang='lat' dir='ltr'>gravius</span> <span class='ocrx_word' id='word_1_223' title='bbox 1473 2459 1642 2533; x_wconf 84' lang='lat' dir='ltr'>juxta</span> <span class='ocrx_word' id='word_1_224' title='bbox 1667 2458 1860 2518; x_wconf 89' lang='lat' dir='ltr'>delicti</span> <span class='ocrx_word' id='word_1_225' title='bbox 1889 2458 2227 2535; x_wconf 89' lang='lat' dir='ltr'>qualitatem</span> <span class='ocrx_word' id='word_1_226' title='bbox 2255 2459 2537 2538; x_wconf 87' lang='lat' dir='ltr'>punietur.</span> 
     </span>
    </p>

    <p class='ocr_par' dir='ltr' id='par_1_5' title="bbox 400 2550 3105 2719">
     <span class='ocr_line' id='line_1_23' title="bbox 472 2550 3105 2632; baseline 0 -19"><span class='ocrx_word' id='word_1_227' title='bbox 472 2558 633 2622; x_wconf 79' lang='lat' dir='ltr'>Item,</span> <span class='ocrx_word' id='word_1_228' title='bbox 660 2550 815 2630; x_wconf 70' lang='lat' dir='ltr'>quod</span> <span class='ocrx_word' id='word_1_229' title='bbox 844 2554 972 2611; x_wconf 80' lang='lat' dir='ltr'>duae</span> <span class='ocrx_word' id='word_1_230' title='bbox 1014 2554 1126 2612; x_wconf 90' lang='lat' dir='ltr'>sint</span> <span class='ocrx_word' id='word_1_231' title='bbox 1167 2573 1366 2630; x_wconf 80' lang='lat' dir='ltr'>cuppae</span> <span class='ocrx_word' id='word_1_232' title='bbox 1407 2573 1509 2610; x_wconf 88' lang='lat' dir='ltr'>seu</span> <span class='ocrx_word' id='word_1_233' title='bbox 1549 2553 1665 2610; x_wconf 89' lang='lat' dir='ltr'>duo</span> <span class='ocrx_word' id='word_1_234' title='bbox 1707 2553 2061 2628; x_wconf 86' lang='lat' dir='ltr'>repositoria,</span> <span class='ocrx_word' id='word_1_235' title='bbox 2092 2572 2275 2611; x_wconf 90' lang='lat' dir='ltr'>unum</span> <span class='ocrx_word' id='word_1_236' title='bbox 2304 2550 2568 2612; x_wconf 67' lang='lat' dir='ltr'>videlicet</span> <span class='ocrx_word' id='word_1_237' title='bbox 2593 2554 2749 2628; x_wconf 91' lang='lat' dir='ltr'>quod</span> <span class='ocrx_word' id='word_1_238' title='bbox 2776 2575 2880 2632; x_wconf 89' lang='lat' dir='ltr'>pro</span> <span class='ocrx_word' id='word_1_239' title='bbox 2905 2554 3105 2614; x_wconf 88' lang='lat' dir='ltr'>hostiis</span> 
     </span>
     <span class='ocr_line' id='line_1_24' title="bbox 400 2643 2283 2719; baseline -0.002 -15"><span class='ocrx_word' id='word_1_240' title='bbox 400 2645 783 2704; x_wconf 84' lang='lat' dir='ltr'>conservandis</span> <span class='ocrx_word' id='word_1_241' title='bbox 812 2657 1116 2712; x_wconf 88' lang='lat' dir='ltr'>remaneat,</span> <span class='ocrx_word' id='word_1_242' title='bbox 1145 2647 1384 2705; x_wconf 85' lang='lat' dir='ltr'>alterum</span> <span class='ocrx_word' id='word_1_243' title='bbox 1414 2645 1569 2719; x_wconf 90' lang='lat' dir='ltr'>quod</span> <span class='ocrx_word' id='word_1_244' title='bbox 1597 2645 1671 2702; x_wconf 90' lang='lat' dir='ltr'>ad</span> <span class='ocrx_word' id='word_1_245' title='bbox 1698 2643 1956 2702; x_wconf 86' lang='lat' dir='ltr'>infirmos</span> <span class='ocrx_word' id='word_1_246' title='bbox 1983 2644 2283 2703; x_wconf 84' lang='lat' dir='ltr'>deferatur.</span> 
     </span>
    </p>

    <p class='ocr_par' dir='ltr' id='par_1_6' title="bbox 404 2731 3106 2908">
     <span class='ocr_line' id='line_1_25' title="bbox 469 2731 3106 2814; baseline 0.002 -20"><span class='ocrx_word' id='word_1_247' title='bbox 469 2740 632 2805; x_wconf 77' lang='lat' dir='ltr'>Item,</span> <span class='ocrx_word' id='word_1_248' title='bbox 661 2733 817 2811; x_wconf 71' lang='lat' dir='ltr'>quod</span> <span class='ocrx_word' id='word_1_249' title='bbox 858 2731 1163 2794; x_wconf 62' lang='lat' dir='ltr'>secundum</span> <span class='ocrx_word' id='word_1_250' title='bbox 1206 2738 1684 2814; x_wconf 88' lang='lat' dir='ltr'>parochianorum</span> <span class='ocrx_word' id='word_1_251' title='bbox 1725 2736 2152 2794; x_wconf 87' lang='lat' dir='ltr'>multitudinem</span> <span class='ocrx_word' id='word_1_252' title='bbox 2185 2747 2241 2794; x_wconf 93' lang='lat' dir='ltr'>et</span> <span class='ocrx_word' id='word_1_253' title='bbox 2273 2735 2541 2813; x_wconf 88' lang='lat' dir='ltr'>temporis</span> <span class='ocrx_word' id='word_1_254' title='bbox 2569 2733 2828 2804; x_wconf 81' lang='lat' dir='ltr'>dubium,</span> <span class='ocrx_word' id='word_1_255' title='bbox 2859 2737 2986 2796; x_wconf 85' lang='lat' dir='ltr'>duae</span> <span class='ocrx_word' id='word_1_256' title='bbox 3015 2742 3106 2798; x_wconf 80' lang='lat' dir='ltr'>vel</span> 
     </span>
     <span class='ocr_line' id='line_1_26' title="bbox 404 2825 3106 2908; baseline 0.001 -21"><span class='ocrx_word' id='word_1_257' title='bbox 404 2839 503 2887; x_wconf 66' lang='lat' dir='ltr'>tres</span> <span class='ocrx_word' id='word_1_258' title='bbox 530 2839 632 2887; x_wconf 90' lang='lat' dir='ltr'>aut</span> <span class='ocrx_word' id='word_1_259' title='bbox 660 2828 853 2905; x_wconf 84' lang='lat' dir='ltr'>plures</span> <span class='ocrx_word' id='word_1_260' title='bbox 881 2827 1077 2885; x_wconf 66' lang='lat' dir='ltr'>hostire</span> <span class='ocrx_word' id='word_1_261' title='bbox 1104 2839 1522 2895; x_wconf 86' lang='lat' dir='ltr'>conserventur,</span> <span class='ocrx_word' id='word_1_262' title='bbox 1554 2848 1684 2903; x_wconf 83' lang='lat' dir='ltr'>quae</span> <span class='ocrx_word' id='word_1_263' title='bbox 1714 2825 1859 2906; x_wconf 61' lang='lat' dir='ltr'>saepe</span> <span class='ocrx_word' id='word_1_264' title='bbox 1891 2839 2239 2885; x_wconf 88' lang='lat' dir='ltr'>renoventur</span> <span class='ocrx_word' id='word_1_265' title='bbox 2268 2840 2501 2905; x_wconf 88' lang='lat' dir='ltr'>propter</span> <span class='ocrx_word' id='word_1_266' title='bbox 2548 2830 2929 2906; x_wconf 89' lang='lat' dir='ltr'>corruptionis</span> <span class='ocrx_word' id='word_1_267' title='bbox 2958 2832 3106 2908; x_wconf 91' lang='lat' dir='ltr'>peri-</span> 
     </span>
    </p>
   </div>
   <div class='ocr_carea' id='block_1_3' title="bbox 401 2919 3105 3088">
    <p class='ocr_par' dir='ltr' id='par_1_7' title="bbox 401 2919 3105 3088">
     <span class='ocr_line' id='line_1_27' title="bbox 401 2919 3105 2997; baseline 0.001 -19"><span class='ocrx_word' id='word_1_268' title='bbox 401 2923 531 2978; x_wconf 85' lang='lat' dir='ltr'>cula.</span> <span class='ocrx_word' id='word_1_269' title='bbox 613 2920 689 2977; x_wconf 85' lang='lat' dir='ltr'>Et</span> <span class='ocrx_word' id='word_1_270' title='bbox 720 2939 889 2996; x_wconf 87' lang='lat' dir='ltr'>super</span> <span class='ocrx_word' id='word_1_271' title='bbox 914 2920 1025 2977; x_wconf 88' lang='lat' dir='ltr'>hiis</span> <span class='ocrx_word' id='word_1_272' title='bbox 1051 2931 1106 2978; x_wconf 87' lang='lat' dir='ltr'>et</span> <span class='ocrx_word' id='word_1_273' title='bbox 1136 2939 1309 2997; x_wconf 89' lang='lat' dir='ltr'>super</span> <span class='ocrx_word' id='word_1_274' title='bbox 1334 2920 1465 2979; x_wconf 88' lang='lat' dir='ltr'>aliis</span> <span class='ocrx_word' id='word_1_275' title='bbox 1505 2940 1634 2995; x_wconf 84' lang='lat' dir='ltr'>quae</span> <span class='ocrx_word' id='word_1_276' title='bbox 1676 2919 1837 2995; x_wconf 90' lang='lat' dir='ltr'>sequi</span> <span class='ocrx_word' id='word_1_277' title='bbox 1876 2930 2135 2996; x_wconf 89' lang='lat' dir='ltr'>possunt,</span> <span class='ocrx_word' id='word_1_278' title='bbox 2161 2919 2398 2978; x_wconf 90' lang='lat' dir='ltr'>doceant</span> <span class='ocrx_word' id='word_1_279' title='bbox 2439 2923 2751 2980; x_wconf 87' lang='lat' dir='ltr'>sacerdotes</span> <span class='ocrx_word' id='word_1_280' title='bbox 2791 2922 3105 2982; x_wconf 88' lang='lat' dir='ltr'>secundum</span> 
     </span>
     <span class='ocr_line' id='line_1_28' title="bbox 403 3010 1622 3088; baseline -0.001 -19"><span class='ocrx_word' id='word_1_281' title='bbox 403 3032 494 3069; x_wconf 81' lang='lat' dir='ltr'>sua</span> <span class='ocrx_word' id='word_1_282' title='bbox 519 3012 809 3088; x_wconf 75' lang='lat' dir='ltr'>synodalia</span> <span class='ocrx_word' id='word_1_283' title='bbox 834 3022 1046 3068; x_wconf 89' lang='lat' dir='ltr'>statuta</span> <span class='ocrx_word' id='word_1_284' title='bbox 1074 3010 1193 3068; x_wconf 80' lang='lat' dir='ltr'>fore</span> <span class='ocrx_word' id='word_1_285' title='bbox 1222 3010 1505 3069; x_wconf 85' lang='lat' dir='ltr'>discretos.</span> <span class='ocrx_word' id='word_1_286' title='bbox 1603 3055 1622 3068; x_wconf 80' lang='grc'>.</span> 
     </span>
    </p>
   </div>
   <div class='ocr_carea' id='block_1_4' title="bbox 404 3100 3110 3820">
    <p class='ocr_par' dir='ltr' id='par_1_8' title="bbox 404 3100 3110 3545">
     <span class='ocr_line' id='line_1_29' title="bbox 470 3100 3110 3180; baseline 0.001 -19"><span class='ocrx_word' id='word_1_287' title='bbox 470 3104 629 3170; x_wconf 74' lang='lat' dir='ltr'>Item,</span> <span class='ocrx_word' id='word_1_288' title='bbox 663 3114 721 3162; x_wconf 88' lang='lat' dir='ltr'>et</span> <span class='ocrx_word' id='word_1_289' title='bbox 766 3100 1034 3161; x_wconf 67' lang='lat' dir='ltr'>continue</span> <span class='ocrx_word' id='word_1_290' title='bbox 1076 3103 1273 3161; x_wconf 89' lang='lat' dir='ltr'>lumen</span> <span class='ocrx_word' id='word_1_291' title='bbox 1302 3122 1403 3161; x_wconf 84' lang='lat' dir='ltr'>seu</span> <span class='ocrx_word' id='word_1_292' title='bbox 1446 3104 1665 3179; x_wconf 84' lang='lat' dir='ltr'>lampas</span> <span class='ocrx_word' id='word_1_293' title='bbox 1706 3101 1903 3159; x_wconf 87' lang='lat' dir='ltr'>ardeat</span> <span class='ocrx_word' id='word_1_294' title='bbox 1946 3111 2075 3159; x_wconf 89' lang='lat' dir='ltr'>ante</span> <span class='ocrx_word' id='word_1_295' title='bbox 2118 3121 2325 3179; x_wconf 86' lang='lat' dir='ltr'>corpus</span> <span class='ocrx_word' id='word_1_296' title='bbox 2361 3102 2592 3171; x_wconf 87' lang='lat' dir='ltr'>Christi,</span> <span class='ocrx_word' id='word_1_297' title='bbox 2630 3103 2735 3180; x_wconf 91' lang='lat' dir='ltr'>qui</span> <span class='ocrx_word' id='word_1_298' title='bbox 2777 3114 2859 3163; x_wconf 63' lang='lat' dir='ltr'>est</span> <span class='ocrx_word' id='word_1_299' title='bbox 2900 3105 3110 3164; x_wconf 88' lang='lat' dir='ltr'>candor</span> 
     </span>
     <span class='ocr_line' id='line_1_30' title="bbox 404 3189 3108 3261; baseline 0.001 -10"><span class='ocrx_word' id='word_1_300' title='bbox 404 3195 534 3253; x_wconf 85' lang='lat' dir='ltr'>lucis</span> <span class='ocrx_word' id='word_1_301' title='bbox 559 3208 798 3253; x_wconf 82' lang='lat' dir='ltr'>aeternae.</span> <span class='ocrx_word' id='word_1_302' title='bbox 881 3189 1164 3260; x_wconf 71' lang='lat' dir='ltr'>Secundo,</span> <span class='ocrx_word' id='word_1_303' title='bbox 1192 3194 1266 3251; x_wconf 90' lang='lat' dir='ltr'>ad</span> <span class='ocrx_word' id='word_1_304' title='bbox 1299 3205 1561 3252; x_wconf 89' lang='lat' dir='ltr'>sanctum</span> <span class='ocrx_word' id='word_1_305' title='bbox 1590 3192 1851 3251; x_wconf 89' lang='lat' dir='ltr'>Chrisma</span> <span class='ocrx_word' id='word_1_306' title='bbox 1877 3193 2244 3260; x_wconf 87' lang='lat' dir='ltr'>descendens,</span> <span class='ocrx_word' id='word_1_307' title='bbox 2272 3194 2419 3250; x_wconf 89' lang='lat' dir='ltr'>illud</span> <span class='ocrx_word' id='word_1_308' title='bbox 2448 3195 2509 3251; x_wconf 90' lang='lat' dir='ltr'>in</span> <span class='ocrx_word' id='word_1_309' title='bbox 2533 3215 2664 3252; x_wconf 83' lang='lat' dir='ltr'>vase</span> <span class='ocrx_word' id='word_1_310' title='bbox 2689 3214 2842 3261; x_wconf 89' lang='lat' dir='ltr'>sano,</span> <span class='ocrx_word' id='word_1_311' title='bbox 2872 3195 3108 3254; x_wconf 84' lang='lat' dir='ltr'>honesto</span> 
     </span>
     <span class='ocr_line' id='line_1_31' title="bbox 405 3283 3108 3363; baseline -0 -20"><span class='ocrx_word' id='word_1_312' title='bbox 405 3297 454 3343; x_wconf 82' lang='lat' dir='ltr'>et</span> <span class='ocrx_word' id='word_1_313' title='bbox 477 3287 691 3363; x_wconf 86' lang='lat' dir='ltr'>integro</span> <span class='ocrx_word' id='word_1_314' title='bbox 719 3285 993 3344; x_wconf 82' lang='lat' dir='ltr'>custodiri</span> <span class='ocrx_word' id='word_1_315' title='bbox 1021 3284 1208 3351; x_wconf 79' lang='lat' dir='ltr'>faciat,</span> <span class='ocrx_word' id='word_1_316' title='bbox 1237 3296 1295 3342; x_wconf 90' lang='lat' dir='ltr'>et</span> <span class='ocrx_word' id='word_1_317' title='bbox 1317 3285 1477 3360; x_wconf 90' lang='lat' dir='ltr'>quod</span> <span class='ocrx_word' id='word_1_318' title='bbox 1496 3285 1568 3344; x_wconf 91' lang='lat' dir='ltr'>de</span> <span class='ocrx_word' id='word_1_319' title='bbox 1585 3285 1843 3361; x_wconf 89' lang='lat' dir='ltr'>quolibet</span> <span class='ocrx_word' id='word_1_320' title='bbox 1870 3285 1994 3344; x_wconf 91' lang='lat' dir='ltr'>oleo</span> <span class='ocrx_word' id='word_1_321' title='bbox 2023 3284 2096 3342; x_wconf 90' lang='lat' dir='ltr'>sit</span> <span class='ocrx_word' id='word_1_322' title='bbox 2122 3283 2510 3359; x_wconf 62' lang='lat' dir='ltr'>competenter</span> <span class='ocrx_word' id='word_1_323' title='bbox 2537 3284 2596 3343; x_wconf 90' lang='lat' dir='ltr'>in</span> <span class='ocrx_word' id='word_1_324' title='bbox 2621 3286 2769 3342; x_wconf 82' lang='lat' dir='ltr'>vasis</span> <span class='ocrx_word' id='word_1_325' title='bbox 2797 3284 3108 3344; x_wconf 88' lang='lat' dir='ltr'>distinctis:</span> 
     </span>
     <span class='ocr_line' id='line_1_32' title="bbox 408 3373 3106 3456; baseline 0.001 -24"><span class='ocrx_word' id='word_1_326' title='bbox 408 3396 560 3453; x_wconf 86' lang='lat' dir='ltr'>super</span> <span class='ocrx_word' id='word_1_327' title='bbox 596 3397 843 3452; x_wconf 89' lang='lat' dir='ltr'>quorum</span> <span class='ocrx_word' id='word_1_328' title='bbox 883 3376 1141 3451; x_wconf 89' lang='lat' dir='ltr'>quolibet</span> <span class='ocrx_word' id='word_1_329' title='bbox 1182 3377 1388 3434; x_wconf 90' lang='lat' dir='ltr'>cedula</span> <span class='ocrx_word' id='word_1_330' title='bbox 1429 3376 1504 3434; x_wconf 89' lang='lat' dir='ltr'>sit</span> <span class='ocrx_word' id='word_1_331' title='bbox 1545 3375 1856 3443; x_wconf 88' lang='lat' dir='ltr'>continens,</span> <span class='ocrx_word' id='word_1_332' title='bbox 1898 3394 2089 3433; x_wconf 71' lang='lat' dir='ltr'>oni-:um</span> <span class='ocrx_word' id='word_1_333' title='bbox 2112 3377 2212 3433; x_wconf 72' lang='grc' dir='ltr'>διο.</span> <span class='ocrx_word' id='word_1_334' title='bbox 2250 3373 2403 3434; x_wconf 68' lang='lat' dir='ltr'>clare</span> <span class='ocrx_word' id='word_1_335' title='bbox 2445 3376 2670 3453; x_wconf 83' lang='lat' dir='ltr'>scripta,</span> <span class='ocrx_word' id='word_1_336' title='bbox 2713 3397 2785 3434; x_wconf 91' lang='lat' dir='ltr'>ne</span> <span class='ocrx_word' id='word_1_337' title='bbox 2837 3396 2956 3436; x_wconf 89' lang='lat' dir='ltr'>uno</span> <span class='ocrx_word' id='word_1_338' title='bbox 3001 3398 3106 3456; x_wconf 83' lang='lat' dir='ltr'>pro</span> 
     </span>
     <span class='ocr_line' id='line_1_33' title="bbox 409 3465 1584 3545; baseline -0.001 -20"><span class='ocrx_word' id='word_1_339' title='bbox 409 3468 609 3545; x_wconf 85' lang='lat' dir='ltr'>reliquo</span> <span class='ocrx_word' id='word_1_340' title='bbox 635 3468 898 3527; x_wconf 87' lang='lat' dir='ltr'>sacerdos</span> <span class='ocrx_word' id='word_1_341' title='bbox 922 3465 1344 3527; x_wconf 64' lang='lat' dir='ltr'>inadvertenter</span> <span class='ocrx_word' id='word_1_342' title='bbox 1370 3479 1584 3525; x_wconf 88' lang='lat' dir='ltr'>utatur.</span> 
     </span>
    </p>

    <p class='ocr_par' dir='ltr' id='par_1_9' title="bbox 407 3557 3110 3820">
     <span class='ocr_line' id='line_1_34' title="bbox 477 3557 3109 3635; baseline 0.001 -19"><span class='ocrx_word' id='word_1_343' title='bbox 477 3561 634 3628; x_wconf 79' lang='lat' dir='ltr'>Item,</span> <span class='ocrx_word' id='word_1_344' title='bbox 661 3572 719 3618; x_wconf 84' lang='lat' dir='ltr'>et</span> <span class='ocrx_word' id='word_1_345' title='bbox 746 3559 900 3635; x_wconf 89' lang='lat' dir='ltr'>quod</span> <span class='ocrx_word' id='word_1_346' title='bbox 940 3558 1002 3616; x_wconf 90' lang='lat' dir='ltr'>in</span> <span class='ocrx_word' id='word_1_347' title='bbox 1043 3563 1167 3616; x_wconf 60' lang='lat' dir='ltr'>tuta</span> <span class='ocrx_word' id='word_1_348' title='bbox 1207 3558 1452 3617; x_wconf 67' lang='lat' dir='ltr'>fenestra</span> <span class='ocrx_word' id='word_1_349' title='bbox 1492 3579 1591 3617; x_wconf 89' lang='lat' dir='ltr'>seu</span> <span class='ocrx_word' id='word_1_350' title='bbox 1631 3557 1937 3617; x_wconf 87' lang='lat' dir='ltr'>armariolo</span> <span class='ocrx_word' id='word_1_351' title='bbox 1962 3557 2176 3616; x_wconf 87' lang='lat' dir='ltr'>Christi</span> <span class='ocrx_word' id='word_1_352' title='bbox 2216 3559 2472 3635; x_wconf 88' lang='lat' dir='ltr'>corporis</span> <span class='ocrx_word' id='word_1_353' title='bbox 2498 3558 2764 3618; x_wconf 88' lang='lat' dir='ltr'>inferiore</span> <span class='ocrx_word' id='word_1_354' title='bbox 2791 3578 2921 3616; x_wconf 91' lang='lat' dir='ltr'>cum</span> <span class='ocrx_word' id='word_1_355' title='bbox 2950 3559 3109 3618; x_wconf 87' lang='lat' dir='ltr'>clave</span> 
     </span>
     <span class='ocr_line' id='line_1_35' title="bbox 407 3649 3107 3728; baseline 0 -20"><span class='ocrx_word' id='word_1_356' title='bbox 407 3657 584 3710; x_wconf 66' lang='lat' dir='ltr'>secura</span> <span class='ocrx_word' id='word_1_357' title='bbox 610 3650 979 3717; x_wconf 89' lang='lat' dir='ltr'>custodiatur,</span> <span class='ocrx_word' id='word_1_358' title='bbox 1010 3671 1082 3708; x_wconf 89' lang='lat' dir='ltr'>ne</span> <span class='ocrx_word' id='word_1_359' title='bbox 1108 3650 1179 3708; x_wconf 88' lang='lat' dir='ltr'>ad</span> <span class='ocrx_word' id='word_1_360' title='bbox 1210 3649 1370 3716; x_wconf 87' lang='lat' dir='ltr'>illud,</span> <span class='ocrx_word' id='word_1_361' title='bbox 1397 3659 1464 3707; x_wconf 91' lang='lat' dir='ltr'>ut</span> <span class='ocrx_word' id='word_1_362' title='bbox 1504 3650 1851 3726; x_wconf 87' lang='lat' dir='ltr'>praedicitur,</span> <span class='ocrx_word' id='word_1_363' title='bbox 1879 3651 2117 3728; x_wconf 85' lang='lat' dir='ltr'>profana</span> <span class='ocrx_word' id='word_1_364' title='bbox 2157 3661 2212 3710; x_wconf 92' lang='lat' dir='ltr'>et</span> <span class='ocrx_word' id='word_1_365' title='bbox 2252 3651 2471 3709; x_wconf 86' lang='lat' dir='ltr'>nefaria.</span> <span class='ocrx_word' id='word_1_366' title='bbox 2511 3671 2713 3709; x_wconf 88' lang='lat' dir='ltr'>manus</span> <span class='ocrx_word' id='word_1_367' title='bbox 2754 3650 3107 3717; x_wconf 83' lang='lat' dir='ltr'>extendatur,</span> 
     </span>
     <span class='ocr_line' id='line_1_36' title="bbox 407 3740 3110 3820; baseline 0.001 -20"><span class='ocrx_word' id='word_1_368' title='bbox 407 3745 544 3817; x_wconf 89' lang='lat' dir='ltr'>quod</span> <span class='ocrx_word' id='word_1_369' title='bbox 584 3756 639 3802; x_wconf 93' lang='lat' dir='ltr'>et</span> <span class='ocrx_word' id='word_1_370' title='bbox 680 3744 751 3800; x_wconf 87' lang='lat' dir='ltr'>de</span> <span class='ocrx_word' id='word_1_371' title='bbox 792 3742 1038 3800; x_wconf 86' lang='lat' dir='ltr'>fontium</span> <span class='ocrx_word' id='word_1_372' title='bbox 1078 3742 1269 3820; x_wconf 90' lang='lat' dir='ltr'>lapide</span> <span class='ocrx_word' id='word_1_373' title='bbox 1308 3743 1567 3800; x_wconf 81' lang='lat' dir='ltr'>advertat</span> <span class='ocrx_word' id='word_1_374' title='bbox 1605 3743 1706 3819; x_wconf 90' lang='lat' dir='ltr'>qui</span> <span class='ocrx_word' id='word_1_375' title='bbox 1748 3743 1947 3801; x_wconf 88' lang='lat' dir='ltr'>mundi</span> <span class='ocrx_word' id='word_1_376' title='bbox 1988 3743 2255 3802; x_wconf 79' lang='lat' dir='ltr'>servandi</span> <span class='ocrx_word' id='word_1_377' title='bbox 2298 3755 2445 3802; x_wconf 81' lang='lat' dir='ltr'>sunt.</span> <span class='ocrx_word' id='word_1_378' title='bbox 2526 3740 2725 3803; x_wconf 66' lang='lat' dir='ltr'>Tertii»</span> <span class='ocrx_word' id='word_1_379' title='bbox 2765 3744 2919 3819; x_wconf 89' lang='lat' dir='ltr'>quod</span> <span class='ocrx_word' id='word_1_380' title='bbox 2961 3745 3110 3803; x_wconf 85' lang='lat' dir='ltr'>calix</span> 
     </span>
    </p>
   </div>
   <div class='ocr_carea' id='block_1_5' title="bbox 407 3833 3108 3913">
    <p class='ocr_par' dir='ltr' id='par_1_10' title="bbox 407 3833 3108 3913">
     <span class='ocr_line' id='line_1_37' title="bbox 407 3833 3108 3913; baseline 0 -20"><span class='ocrx_word' id='word_1_381' title='bbox 407 3837 608 3912; x_wconf 82' lang='lat' dir='ltr'>integer</span> <span class='ocrx_word' id='word_1_382' title='bbox 648 3836 723 3893; x_wconf 91' lang='lat' dir='ltr'>sit</span> <span class='ocrx_word' id='word_1_383' title='bbox 761 3844 1087 3910; x_wconf 87' lang='lat' dir='ltr'>argenteus,</span> <span class='ocrx_word' id='word_1_384' title='bbox 1113 3854 1228 3892; x_wconf 91' lang='lat' dir='ltr'>non</span> <span class='ocrx_word' id='word_1_385' title='bbox 1269 3853 1531 3910; x_wconf 83' lang='lat' dir='ltr'>cupreus,</span> <span class='ocrx_word' id='word_1_386' title='bbox 1561 3846 1665 3891; x_wconf 90' lang='lat' dir='ltr'>aut</span> <span class='ocrx_word' id='word_1_387' title='bbox 1704 3833 1775 3892; x_wconf 91' lang='lat' dir='ltr'>de</span> <span class='ocrx_word' id='word_1_388' title='bbox 1815 3846 2034 3902; x_wconf 90' lang='lat' dir='ltr'>stanno,</span> <span class='ocrx_word' id='word_1_389' title='bbox 2063 3846 2120 3893; x_wconf 91' lang='lat' dir='ltr'>et</span> <span class='ocrx_word' id='word_1_390' title='bbox 2147 3836 2301 3908; x_wconf 91' lang='lat' dir='ltr'>quod</span> <span class='ocrx_word' id='word_1_391' title='bbox 2344 3835 2556 3894; x_wconf 89' lang='lat' dir='ltr'>bonum</span> <span class='ocrx_word' id='word_1_392' title='bbox 2597 3836 2801 3894; x_wconf 89' lang='lat' dir='ltr'>habeat</span> <span class='ocrx_word' id='word_1_393' title='bbox 2841 3836 3108 3913; x_wconf 89' lang='lat' dir='ltr'>reposito·</span> 
     </span>
    </p>
   </div>
   <div class='ocr_carea' id='block_1_6' title="bbox 409 3925 3107 4077">
    <p class='ocr_par' dir='ltr' id='par_1_11' title="bbox 409 3925 3107 4077">
     <span class='ocr_line' id='line_1_38' title="bbox 409 3925 3107 4002; baseline 0 -19"><span class='ocrx_word' id='word_1_394' title='bbox 409 3927 574 3985; x_wconf 86' lang='lat' dir='ltr'>rium:</span> <span class='ocrx_word' id='word_1_395' title='bbox 615 3941 673 3986; x_wconf 92' lang='lat' dir='ltr'>et</span> <span class='ocrx_word' id='word_1_396' title='bbox 702 3929 752 3985; x_wconf 87' lang='lat' dir='ltr'>si</span> <span class='ocrx_word' id='word_1_397' title='bbox 777 3927 1019 3984; x_wconf 86' lang='lat' dir='ltr'>facultas</span> <span class='ocrx_word' id='word_1_398' title='bbox 1046 3925 1297 3983; x_wconf 86' lang='lat' dir='ltr'>ecclesiae</span> <span class='ocrx_word' id='word_1_399' title='bbox 1335 3925 1602 4002; x_wconf 86' lang='lat' dir='ltr'>patiatur,</span> <span class='ocrx_word' id='word_1_400' title='bbox 1633 3926 1788 4000; x_wconf 87' lang='lat' dir='ltr'>quod</span> <span class='ocrx_word' id='word_1_401' title='bbox 1826 3925 1945 3984; x_wconf 92' lang='lat' dir='ltr'>duo</span> <span class='ocrx_word' id='word_1_402' title='bbox 1986 3926 2100 3984; x_wconf 90' lang='lat' dir='ltr'>sint</span> <span class='ocrx_word' id='word_1_403' title='bbox 2140 3926 2345 3985; x_wconf 86' lang='lat' dir='ltr'>calices</span> <span class='ocrx_word' id='word_1_404' title='bbox 2375 3967 2597 3985; x_wconf 87' lang='grc'><strong>......</strong></span> <span class='ocrx_word' id='word_1_405' title='bbox 2627 3925 2932 4001; x_wconf 71' lang='lat' dir='ltr'>Reliquum</span> <span class='ocrx_word' id='word_1_406' title='bbox 2972 3929 3107 3984; x_wconf 79' lang='lat' dir='ltr'>desi-</span> 
     </span>
     <span class='ocr_line' id='line_1_39' title="bbox 409 4019 1096 4077; baseline -0.004 0"><span class='ocrx_word' id='word_1_407' title='bbox 409 4021 620 4077; x_wconf 76' lang='lat' dir='ltr'>deralur</span> <span class='ocrx_word' id='word_1_408' title='bbox 645 4022 709 4077; x_wconf 78' lang='lat' dir='ltr'>in</span> <span class='ocrx_word' id='word_1_409' title='bbox 743 4020 869 4077; x_wconf 90' lang='lat' dir='ltr'>MS.</span> <span class='ocrx_word' id='word_1_410' title='bbox 898 4019 1096 4076; x_wconf 76' lang='lat' dir='ltr'>codice.</span> 
     </span>
    </p>
   </div>
   <div class='ocr_carea' id='block_1_7' title="bbox 480 4109 3106 4186">
    <p class='ocr_par' dir='ltr' id='par_1_12' title="bbox 480 4109 3106 4186">
     <span class='ocr_line' id='line_1_40' title="bbox 480 4109 3106 4186; baseline -0.003 -16"><span class='ocrx_word' id='word_1_411' title='bbox 480 4113 702 4170; x_wconf 71' lang='lat' dir='ltr'>Statum</span> <span class='ocrx_word' id='word_1_412' title='bbox 742 4111 1057 4186; x_wconf 74' lang='lat' dir='ltr'>synodalia</span> <span class='ocrx_word' id='word_1_413' title='bbox 1097 4109 1358 4166; x_wconf 80' lang='lat' dir='ltr'>Ecclesiae</span> <span class='ocrx_word' id='word_1_414' title='bbox 1396 4110 1723 4176; x_wconf 72' lang='lat' dir='ltr'>Meldensis,</span> <span class='ocrx_word' id='word_1_415' title='bbox 1753 4109 1926 4166; x_wconf 83' lang='lat' dir='ltr'>Anno</span> <span class='ocrx_word' id='word_1_416' title='bbox 1954 4126 2229 4169; x_wconf 72' lang='lat' dir='ltr'>Mcccnxv.</span> <span class='ocrx_word' id='word_1_417' title='bbox 2331 4113 2651 4169; x_wconf 71' lang='lat' dir='ltr'>Thesaurus</span> <span class='ocrx_word' id='word_1_418' title='bbox 2696 4109 2895 4166; x_wconf 74' lang='lat' dir='ltr'>Novus</span> <span class='ocrx_word' id='word_1_419' title='bbox 2926 4111 3106 4168; x_wconf 83' lang='lat' dir='ltr'>Auec-</span> 
     </span>
    </p>
   </div>
   <div class='ocr_carea' id='block_1_8' title="bbox 413 4201 3111 4361">
    <p class='ocr_par' dir='ltr' id='par_1_13' title="bbox 413 4201 3111 4361">
     <span class='ocr_line' id='line_1_41' title="bbox 413 4201 3111 4279; baseline -0.001 -20"><span class='ocrx_word' id='word_1_420' title='bbox 413 4204 668 4262; x_wconf 78' lang='lat' dir='ltr'>dotorum.</span> <span class='ocrx_word' id='word_1_421' title='bbox 765 4204 986 4260; x_wconf 86' lang='lat' dir='ltr'>Tomus</span> <span class='ocrx_word' id='word_1_422' title='bbox 1013 4212 1252 4276; x_wconf 89' lang='lat' dir='ltr'>quartus</span> <span class='ocrx_word' id='word_1_423' title='bbox 1280 4201 1411 4272; x_wconf 91' lang='lat' dir='ltr'>(col.</span> <span class='ocrx_word' id='word_1_424' title='bbox 1431 4204 1565 4268; x_wconf 78' lang='lat'>926,</span> <span class='ocrx_word' id='word_1_425' title='bbox 1592 4204 1772 4277; x_wconf 88' lang='lat' dir='ltr'>seqq.)</span> <span class='ocrx_word' id='word_1_426' title='bbox 1871 4201 2077 4261; x_wconf 76' lang='lat' dir='ltr'>Studio</span> <span class='ocrx_word' id='word_1_427' title='bbox 2116 4206 2170 4258; x_wconf 75' lang='lat' dir='ltr'>et</span> <span class='ocrx_word' id='word_1_428' title='bbox 2208 4202 2382 4279; x_wconf 66' lang='lat' dir='ltr'>opera</span> <span class='ocrx_word' id='word_1_429' title='bbox 2423 4202 2718 4260; x_wconf 89' lang='lat' dir='ltr'>Edmundi</span> <span class='ocrx_word' id='word_1_430' title='bbox 2759 4203 3018 4260; x_wconf 89' lang='lat' dir='ltr'>Martene</span> <span class='ocrx_word' id='word_1_431' title='bbox 3057 4206 3111 4257; x_wconf 80' lang='lat' dir='ltr'>et</span> 
     </span>
     <span class='ocr_line' id='line_1_42' title="bbox 418 4292 1901 4361; baseline 0.001 -11"><span class='ocrx_word' id='word_1_432' title='bbox 418 4295 596 4352; x_wconf 85' lang='lat' dir='ltr'>Ursini</span> <span class='ocrx_word' id='word_1_433' title='bbox 623 4294 887 4361; x_wconf 77' lang='lat' dir='ltr'>Dur-and,</span> <span class='ocrx_word' id='word_1_434' title='bbox 928 4293 1179 4350; x_wconf 83' lang='lat' dir='ltr'>Lutetiae</span> <span class='ocrx_word' id='word_1_435' title='bbox 1205 4292 1579 4360; x_wconf 86' lang='lat' dir='ltr'>Parisiorum,</span> <span class='ocrx_word' id='word_1_436' title='bbox 1610 4311 1901 4352; x_wconf 75' lang='lat' dir='ltr'>mnccxvu.</span> 
     </span>
    </p>
   </div>
  </div>
 </body>
</html>
