<?xml version="1.0" encoding="UTF-8"?>
<!DOCTYPE html PUBLIC "-//W3C//DTD XHTML 1.0 Transitional//EN"
    "http://www.w3.org/TR/xhtml1/DTD/xhtml1-transitional.dtd">
<html xmlns="http://www.w3.org/1999/xhtml" xml:lang="en" lang="en">
 <head>
  <title>
</title>
<meta http-equiv="Content-Type" content="text/html;charset=utf-8" />
  <meta name='ocr-system' content='tesseract 3.04.00' />
  <meta name='ocr-capabilities' content='ocr_page ocr_carea ocr_par ocr_line ocrx_word'/>
</head>
<body>
  <div class='ocr_page' id='page_1' title='image "./horaedecanicaer03dansgoog_0295.png"; bbox 0 0 3882 5037; ppageno 0'>
   <div class='ocr_carea' id='block_1_1' title="bbox 362 410 3254 570">
    <p class='ocr_par' dir='ltr' id='par_1_1' title="bbox 362 410 3254 570">
     <span class='ocr_line' id='line_1_1' title="bbox 362 410 3254 570; baseline 0 -146"><span class='ocrx_word' id='word_1_1' title='bbox 362 410 3254 570; x_wconf 95' lang='lat' dir='ltr'><strong>    </strong></span> 
     </span>
    </p>
   </div>
   <div class='ocr_carea' id='block_1_2' title="bbox 352 432 3254 878">
    <p class='ocr_par' dir='ltr' id='par_1_2' title="bbox 352 432 3254 878">
     <span class='ocr_line' id='line_1_2' title="bbox 352 432 3254 878; baseline 0 0"><span class='ocrx_word' id='word_1_2' title='bbox 352 432 3254 878; x_wconf 95' lang='lat' dir='ltr'><strong>       </strong></span> 
     </span>
    </p>
   </div>
   <div class='ocr_carea' id='block_1_3' title="bbox 357 424 1260 585">
    <p class='ocr_par' dir='ltr' id='par_1_3' title="bbox 357 424 1260 585">
     <span class='ocr_line' id='line_1_3' title="bbox 357 424 1260 585; baseline 0 0"><span class='ocrx_word' id='word_1_3' title='bbox 357 424 1260 585; x_wconf 95' lang='lat' dir='ltr'><strong>   </strong></span> 
     </span>
    </p>
   </div>
   <div class='ocr_carea' id='block_1_4' title="bbox 436 461 3156 545">
    <p class='ocr_par' dir='ltr' id='par_1_4' title="bbox 436 461 3156 545">
     <span class='ocr_line' id='line_1_4' title="bbox 436 461 3156 545; baseline 0.003 -19"><span class='ocrx_word' id='word_1_4' title='bbox 436 470 589 527; x_wconf 67' lang='lat' dir='ltr'><strong>Sec-r.</strong></span> <span class='ocrx_word' id='word_1_5' title='bbox 610 469 742 543; x_wconf 87' lang='lat' dir='ltr'>V1.]</span> <span class='ocrx_word' id='word_1_6' title='bbox 1260 464 2000 538; x_wconf 50' lang='lat' dir='ltr'><strong>Numanum—Dictae</strong></span> <span class='ocrx_word' id='word_1_7' title='bbox 2027 465 2087 527; x_wconf 79' lang='lat' dir='ltr'><strong>of</strong></span> <span class='ocrx_word' id='word_1_8' title='bbox 2109 465 2325 545; x_wconf 66' lang='lat' dir='ltr'><strong>thts.</strong></span> <span class='ocrx_word' id='word_1_9' title='bbox 3003 461 3156 534; x_wconf 79' lang='lat'><strong>279</strong></span> 
     </span>
    </p>
   </div>
   <div class='ocr_carea' id='block_1_5' title="bbox 742 432 1260 580">
    <p class='ocr_par' dir='ltr' id='par_1_5' title="bbox 742 432 1260 580">
     <span class='ocr_line' id='line_1_5' title="bbox 742 432 1260 580; baseline 0 4457"><span class='ocrx_word' id='word_1_10' title='bbox 742 432 1260 580; x_wconf 95' lang='lat' dir='ltr'><strong> </strong></span> 
     </span>
    </p>
   </div>
   <div class='ocr_carea' id='block_1_6' title="bbox 3134 623 3250 788">
    <p class='ocr_par' dir='ltr' id='par_1_6' title="bbox 3134 623 3250 788">
     <span class='ocr_line' id='line_1_6' title="bbox 3134 623 3250 788; baseline 0 0"><span class='ocrx_word' id='word_1_11' title='bbox 3134 623 3250 788; x_wconf 95' lang='lat' dir='ltr'><strong>  </strong></span> 
     </span>
    </p>
   </div>
   <div class='ocr_carea' id='block_1_7' title="bbox 435 663 3156 1459">
    <p class='ocr_par' dir='ltr' id='par_1_7' title="bbox 435 663 3156 1459">
     <span class='ocr_line' id='line_1_7' title="bbox 512 663 3153 747; baseline -0.002 -20"><span class='ocrx_word' id='word_1_12' title='bbox 512 689 633 727; x_wconf 81' lang='lat'>1111.</span> <span class='ocrx_word' id='word_1_13' title='bbox 674 671 758 727; x_wconf 89' lang='lat' dir='ltr'><strong>Ut</strong></span> <span class='ocrx_word' id='word_1_14' title='bbox 773 679 964 727; x_wconf 89' lang='lat' dir='ltr'><strong>autem</strong></span> <span class='ocrx_word' id='word_1_15' title='bbox 983 670 1300 747; x_wconf 87' lang='lat' dir='ltr'><strong>pastorales</strong></span> <span class='ocrx_word' id='word_1_16' title='bbox 1326 667 1795 745; x_wconf 77' lang='lat' dir='ltr'><strong>congregationes</strong></span> <span class='ocrx_word' id='word_1_17' title='bbox 1823 669 2024 742; x_wconf 86' lang='lat' dir='ltr'><strong>majori</strong></span> <span class='ocrx_word' id='word_1_18' title='bbox 2045 689 2160 729; x_wconf 91' lang='lat' dir='ltr'><strong>non</strong></span> <span class='ocrx_word' id='word_1_19' title='bbox 2181 669 2367 727; x_wconf 90' lang='lat' dir='ltr'><strong>solnm</strong></span> <span class='ocrx_word' id='word_1_20' title='bbox 2388 685 2652 727; x_wconf 89' lang='lat' dir='ltr'><strong>successu</strong></span> <span class='ocrx_word' id='word_1_21' title='bbox 2673 675 2730 723; x_wconf 90' lang='lat' dir='ltr'><strong>et</strong></span> <span class='ocrx_word' id='word_1_22' title='bbox 2750 663 3153 730; x_wconf 81' lang='lat' dir='ltr'>uniformitate,</span> 
     </span>
     <span class='ocr_line' id='line_1_8' title="bbox 437 755 3156 838; baseline -0.003 -19"><span class='ocrx_word' id='word_1_23' title='bbox 437 761 525 819; x_wconf 82' lang='lat' dir='ltr'><strong>sed</strong></span> <span class='ocrx_word' id='word_1_24' title='bbox 566 761 738 819; x_wconf 88' lang='lat' dir='ltr'><strong>etiam</strong></span> <span class='ocrx_word' id='word_1_25' title='bbox 777 762 1105 820; x_wconf 89' lang='lat' dir='ltr'><strong>animorum</strong></span> <span class='ocrx_word' id='word_1_26' title='bbox 1153 761 1471 827; x_wconf 68' lang='lat' dir='ltr'><strong>concordia,</strong></span> <span class='ocrx_word' id='word_1_27' title='bbox 1506 759 1814 836; x_wconf 62' lang='lat' dir='ltr'><strong>debitaque</strong></span> <span class='ocrx_word' id='word_1_28' title='bbox 1857 780 1998 838; x_wconf 84' lang='lat' dir='ltr'><strong>erga</strong></span> <span class='ocrx_word' id='word_1_29' title='bbox 2033 782 2137 821; x_wconf 89' lang='lat' dir='ltr'><strong>nos</strong></span> <span class='ocrx_word' id='word_1_30' title='bbox 2181 759 2646 820; x_wconf 77' lang='lat' dir='ltr'><strong>subordinatione</strong></span> <span class='ocrx_word' id='word_1_31' title='bbox 2689 755 3060 833; x_wconf 85' lang='lat' dir='ltr'><strong>perficiantur</strong></span> <span class='ocrx_word' id='word_1_32' title='bbox 3099 765 3156 812; x_wconf 90' lang='lat' dir='ltr'><strong>et</strong></span> 
     </span>
     <span class='ocr_line' id='line_1_9' title="bbox 437 845 3152 932; baseline -0.002 -22"><span class='ocrx_word' id='word_1_33' title='bbox 437 854 864 922; x_wconf 80' lang='lat' dir='ltr'><strong>continuentur3</strong></span> <span class='ocrx_word' id='word_1_34' title='bbox 910 854 1148 930; x_wconf 78' lang='lat' dir='ltr'><strong>insuper</strong></span> <span class='ocrx_word' id='word_1_35' title='bbox 1188 852 1487 930; x_wconf 85' lang='lat' dir='ltr'><strong>exigimus,</strong></span> <span class='ocrx_word' id='word_1_36' title='bbox 1517 864 1582 909; x_wconf 90' lang='lat' dir='ltr'><strong>ut</strong></span> <span class='ocrx_word' id='word_1_37' title='bbox 1625 872 1823 911; x_wconf 86' lang='lat' dir='ltr'><strong>omnes</strong></span> <span class='ocrx_word' id='word_1_38' title='bbox 1862 850 2052 914; x_wconf 63' lang='lat' dir='ltr'><strong>unani</strong></span> <span class='ocrx_word' id='word_1_39' title='bbox 2098 854 2343 932; x_wconf 85' lang='lat' dir='ltr'><strong>singulis</strong></span> <span class='ocrx_word' id='word_1_40' title='bbox 2386 850 2632 911; x_wconf 79' lang='lat' dir='ltr'><strong>bienniis</strong></span> <span class='ocrx_word' id='word_1_41' title='bbox 2674 847 2737 907; x_wconf 90' lang='lat' dir='ltr'><strong>in</strong></span> <span class='ocrx_word' id='word_1_42' title='bbox 2781 867 2969 907; x_wconf 89' lang='lat' dir='ltr'><strong>mense</strong></span> <span class='ocrx_word' id='word_1_43' title='bbox 3013 845 3152 923; x_wconf 84' lang='lat' dir='ltr'><strong>Sep-</strong></span> 
     </span>
     <span class='ocr_line' id='line_1_10' title="bbox 439 940 3151 1021; baseline -0.001 -20"><span class='ocrx_word' id='word_1_44' title='bbox 439 947 629 1002; x_wconf 78' lang='lat' dir='ltr'><strong>tembri</strong></span> <span class='ocrx_word' id='word_1_45' title='bbox 657 947 914 1018; x_wconf 75' lang='lat' dir='ltr'><strong>(alternis</strong></span> <span class='ocrx_word' id='word_1_46' title='bbox 942 957 1134 1004; x_wconf 80' lang='lat' dir='ltr'><strong>tamen</strong></span> <span class='ocrx_word' id='word_1_47' title='bbox 1160 945 1234 1003; x_wconf 85' lang='lat' dir='ltr'><strong>ab</strong></span> <span class='ocrx_word' id='word_1_48' title='bbox 1262 946 1354 1012; x_wconf 90' lang='lat' dir='ltr'><strong>iis,</strong></span> <span class='ocrx_word' id='word_1_49' title='bbox 1379 944 1591 1021; x_wconf 87' lang='lat' dir='ltr'><strong>quibus</strong></span> <span class='ocrx_word' id='word_1_50' title='bbox 1617 944 1907 1003; x_wconf 65' lang='lat' dir='ltr'><strong>districtus</strong></span> <span class='ocrx_word' id='word_1_51' title='bbox 1933 946 2027 1004; x_wconf 89' lang='lat' dir='ltr'><strong>sui</strong></span> <span class='ocrx_word' id='word_1_52' title='bbox 2055 946 2435 1004; x_wconf 77' lang='lat' dir='ltr'><strong>visitationem</strong></span> <span class='ocrx_word' id='word_1_53' title='bbox 2461 941 2786 1010; x_wconf 90' lang='lat' dir='ltr'><strong>instituent)</strong></span> <span class='ocrx_word' id='word_1_54' title='bbox 2812 940 2903 998; x_wconf 86' lang='lat' dir='ltr'><strong>die</strong></span> <span class='ocrx_word' id='word_1_55' title='bbox 2929 950 2986 998; x_wconf 88' lang='lat' dir='ltr'><strong>et</strong></span> <span class='ocrx_word' id='word_1_56' title='bbox 3009 940 3151 998; x_wconf 66' lang='lat' dir='ltr'><strong>horst</strong></span> 
     </span>
     <span class='ocr_line' id='line_1_11' title="bbox 435 1031 3151 1114; baseline 0 -25"><span class='ocrx_word' id='word_1_57' title='bbox 435 1053 470 1089; x_wconf 81' lang='lat' dir='ltr'><strong>a</strong></span> <span class='ocrx_word' id='word_1_58' title='bbox 511 1034 671 1092; x_wconf 87' lang='lat' dir='ltr'><strong>nobis</strong></span> <span class='ocrx_word' id='word_1_59' title='bbox 713 1037 1098 1112; x_wconf 63' lang='lat' dir='ltr'><strong>praefigendis,</strong></span> <span class='ocrx_word' id='word_1_60' title='bbox 1146 1057 1205 1094; x_wconf 89' lang='lat' dir='ltr'><strong>se</strong></span> <span class='ocrx_word' id='word_1_61' title='bbox 1247 1037 1451 1095; x_wconf 79' lang='lat' dir='ltr'><strong>sistant</strong></span> <span class='ocrx_word' id='word_1_62' title='bbox 1493 1031 1615 1094; x_wconf 70' lang='lat' dir='ltr'><strong>una</strong></span> <span class='ocrx_word' id='word_1_63' title='bbox 1660 1056 1792 1094; x_wconf 91' lang='lat' dir='ltr'><strong>cum</strong></span> <span class='ocrx_word' id='word_1_64' title='bbox 1836 1036 1912 1095; x_wconf 92' lang='lat' dir='ltr'><strong>D.</strong></span> <span class='ocrx_word' id='word_1_65' title='bbox 1946 1035 2418 1114; x_wconf 61' lang='lat' dir='ltr'><strong>attbiptoesbnteto</strong></span> <span class='ocrx_word' id='word_1_66' title='bbox 2455 1033 2793 1100; x_wconf 79' lang='lat' dir='ltr'><strong>civitatensi,</strong></span> <span class='ocrx_word' id='word_1_67' title='bbox 2833 1032 2895 1090; x_wconf 90' lang='lat' dir='ltr'><strong>in</strong></span> <span class='ocrx_word' id='word_1_68' title='bbox 2940 1031 3151 1109; x_wconf 82' lang='lat' dir='ltr'><strong>palatio</strong></span> 
     </span>
     <span class='ocr_line' id='line_1_12' title="bbox 435 1125 3148 1203; baseline -0.001 -22"><span class='ocrx_word' id='word_1_69' title='bbox 435 1137 618 1182; x_wconf 87' lang='lat' dir='ltr'><strong>nostro</strong></span> <span class='ocrx_word' id='word_1_70' title='bbox 644 1127 974 1203; x_wconf 76' lang='lat' dir='ltr'><strong>episcopali,</strong></span> <span class='ocrx_word' id='word_1_71' title='bbox 998 1128 1102 1186; x_wconf 88' lang='lat' dir='ltr'><strong>ubi</strong></span> <span class='ocrx_word' id='word_1_72' title='bbox 1142 1127 1213 1186; x_wconf 92' lang='lat' dir='ltr'><strong>de</strong></span> <span class='ocrx_word' id='word_1_73' title='bbox 1245 1139 1399 1186; x_wconf 89' lang='lat' dir='ltr'><strong>statu</strong></span> <span class='ocrx_word' id='word_1_74' title='bbox 1427 1128 1679 1186; x_wconf 81' lang='lat' dir='ltr'><strong>ecclesiae</strong></span> <span class='ocrx_word' id='word_1_75' title='bbox 1718 1139 1926 1187; x_wconf 80' lang='lat' dir='ltr'><strong>nostrae</strong></span> <span class='ocrx_word' id='word_1_76' title='bbox 1955 1126 2179 1189; x_wconf 71' lang='lat' dir='ltr'><strong>mature</strong></span> <span class='ocrx_word' id='word_1_77' title='bbox 2219 1129 2590 1192; x_wconf 84' lang='lat' dir='ltr'><strong>conferamus,</strong></span> <span class='ocrx_word' id='word_1_78' title='bbox 2616 1125 2917 1199; x_wconf 88' lang='lat' dir='ltr'><strong>mediaque</strong></span> <span class='ocrx_word' id='word_1_79' title='bbox 2945 1141 3148 1200; x_wconf 86' lang='lat' dir='ltr'><strong>propo-</strong></span> 
     </span>
     <span class='ocr_line' id='line_1_13' title="bbox 435 1214 3147 1298; baseline -0.001 -24"><span class='ocrx_word' id='word_1_80' title='bbox 435 1236 642 1284; x_wconf 82' lang='lat' dir='ltr'><strong>namus,</strong></span> <span class='ocrx_word' id='word_1_81' title='bbox 668 1219 888 1295; x_wconf 88' lang='lat' dir='ltr'><strong>quibus</strong></span> <span class='ocrx_word' id='word_1_82' title='bbox 916 1231 1096 1278; x_wconf 89' lang='lat' dir='ltr'><strong>status</strong></span> <span class='ocrx_word' id='word_1_83' title='bbox 1121 1230 1178 1278; x_wconf 90' lang='lat' dir='ltr'><strong>et</strong></span> <span class='ocrx_word' id='word_1_84' title='bbox 1205 1219 1508 1295; x_wconf 81' lang='lat' dir='ltr'><strong>disciplina</strong></span> <span class='ocrx_word' id='word_1_85' title='bbox 1538 1217 1792 1278; x_wconf 82' lang='lat' dir='ltr'><strong>ecclesiae</strong></span> <span class='ocrx_word' id='word_1_86' title='bbox 1830 1231 2037 1279; x_wconf 83' lang='lat' dir='ltr'><strong>nostrae</strong></span> <span class='ocrx_word' id='word_1_87' title='bbox 2066 1221 2404 1298; x_wconf 85' lang='lat' dir='ltr'><strong>promoveri,</strong></span> <span class='ocrx_word' id='word_1_88' title='bbox 2433 1231 2490 1278; x_wconf 89' lang='lat' dir='ltr'><strong>et</strong></span> <span class='ocrx_word' id='word_1_89' title='bbox 2528 1219 2798 1277; x_wconf 82' lang='lat' dir='ltr'><strong>vitiorum</strong></span> <span class='ocrx_word' id='word_1_90' title='bbox 2827 1214 3071 1281; x_wconf 86' lang='lat' dir='ltr'><strong>zizania,</strong></span> <span class='ocrx_word' id='word_1_91' title='bbox 3098 1215 3147 1271; x_wconf 90' lang='lat' dir='ltr'><strong>si</strong></span> 
     </span>
     <span class='ocr_line' id='line_1_14' title="bbox 435 1307 3147 1391; baseline -0.001 -24"><span class='ocrx_word' id='word_1_92' title='bbox 435 1328 555 1383; x_wconf 81' lang='lat' dir='ltr'><strong>quae</strong></span> <span class='ocrx_word' id='word_1_93' title='bbox 591 1329 691 1368; x_wconf 88' lang='lat' dir='ltr'><strong>seu</strong></span> <span class='ocrx_word' id='word_1_94' title='bbox 730 1311 794 1369; x_wconf 91' lang='lat' dir='ltr'><strong>in</strong></span> <span class='ocrx_word' id='word_1_95' title='bbox 822 1312 994 1381; x_wconf 91' lang='lat' dir='ltr'><strong>clero,</strong></span> <span class='ocrx_word' id='word_1_96' title='bbox 1020 1332 1126 1371; x_wconf 89' lang='lat' dir='ltr'><strong>sen</strong></span> <span class='ocrx_word' id='word_1_97' title='bbox 1162 1311 1225 1369; x_wconf 90' lang='lat' dir='ltr'><strong>in</strong></span> <span class='ocrx_word' id='word_1_98' title='bbox 1253 1313 1467 1390; x_wconf 89' lang='lat' dir='ltr'><strong>populo</strong></span> <span class='ocrx_word' id='word_1_99' title='bbox 1493 1311 1736 1369; x_wconf 86' lang='lat' dir='ltr'><strong>subnata</strong></span> <span class='ocrx_word' id='word_1_100' title='bbox 1774 1311 1906 1380; x_wconf 86' lang='lat' dir='ltr'><strong>sint,</strong></span> <span class='ocrx_word' id='word_1_101' title='bbox 1935 1309 2139 1371; x_wconf 76' lang='lat' dir='ltr'><strong>sedulo</strong></span> <span class='ocrx_word' id='word_1_102' title='bbox 2180 1324 2238 1371; x_wconf 92' lang='lat' dir='ltr'><strong>et</strong></span> <span class='ocrx_word' id='word_1_103' title='bbox 2277 1308 2604 1391; x_wconf 71' lang='lat' dir='ltr'><strong>tempestive</strong></span> <span class='ocrx_word' id='word_1_104' title='bbox 2638 1309 2808 1369; x_wconf 88' lang='lat' dir='ltr'><strong>evelli</strong></span> <span class='ocrx_word' id='word_1_105' title='bbox 2834 1318 2892 1366; x_wconf 90' lang='lat' dir='ltr'><strong>et</strong></span> <span class='ocrx_word' id='word_1_106' title='bbox 2932 1307 3147 1367; x_wconf 85' lang='lat' dir='ltr'><strong>destrui</strong></span> 
     </span>
     <span class='ocr_line' id='line_1_15' title="bbox 436 1401 665 1459; baseline 0 -1"><span class='ocrx_word' id='word_1_107' title='bbox 436 1401 665 1459; x_wconf 73' lang='lat' dir='ltr'><strong>valeant.</strong></span> 
     </span>
    </p>
   </div>
   <div class='ocr_carea' id='block_1_8' title="bbox 340 788 3249 1611">
    <p class='ocr_par' dir='ltr' id='par_1_8' title="bbox 340 788 3249 1611">
     <span class='ocr_line' id='line_1_16' title="bbox 349 788 3249 1155; baseline 0 0"><span class='ocrx_word' id='word_1_108' title='bbox 349 878 377 1155; x_wconf 95' lang='lat' dir='ltr'><strong>   </strong></span> <span class='ocrx_word' id='word_1_109' title='bbox 3219 788 3249 1155; x_wconf 95' lang='lat' dir='ltr'><strong>    </strong></span> 
     </span>
     <span class='ocr_line' id='line_1_17' title="bbox 348 1155 3243 1242; baseline 0 0"><span class='ocrx_word' id='word_1_110' title='bbox 348 1155 375 1242; x_wconf 95' lang='lat' dir='ltr'><strong> </strong></span> <span class='ocrx_word' id='word_1_111' title='bbox 3218 1155 3243 1242; x_wconf 95' lang='lat' dir='ltr'><strong> </strong></span> 
     </span>
     <span class='ocr_line' id='line_1_18' title="bbox 340 1242 3241 1611; baseline 0 -274"><span class='ocrx_word' id='word_1_112' title='bbox 340 1242 374 1611; x_wconf 95' lang='lat' dir='ltr'><strong>    </strong></span> <span class='ocrx_word' id='word_1_113' title='bbox 3214 1242 3241 1488; x_wconf 95' lang='lat' dir='ltr'><strong>   </strong></span> 
     </span>
    </p>
   </div>
   <div class='ocr_carea' id='block_1_9' title="bbox 432 1489 3145 2123">
    <p class='ocr_par' dir='ltr' id='par_1_9' title="bbox 432 1489 3145 2031">
     <span class='ocr_line' id='line_1_19' title="bbox 506 1489 3145 1572; baseline -0.001 -22"><span class='ocrx_word' id='word_1_114' title='bbox 506 1493 763 1571; x_wconf 85' lang='lat' dir='ltr'><strong>Cumque</strong></span> <span class='ocrx_word' id='word_1_115' title='bbox 814 1496 1062 1555; x_wconf 84' lang='lat' dir='ltr'><strong>fraterna</strong></span> <span class='ocrx_word' id='word_1_116' title='bbox 1106 1496 1347 1555; x_wconf 83' lang='lat' dir='ltr'><strong>charitas</strong></span> <span class='ocrx_word' id='word_1_117' title='bbox 1394 1497 1660 1572; x_wconf 80' lang='lat' dir='ltr'><strong>postulet,</strong></span> <span class='ocrx_word' id='word_1_118' title='bbox 1707 1506 1774 1553; x_wconf 89' lang='lat' dir='ltr'><strong>ut</strong></span> <span class='ocrx_word' id='word_1_119' title='bbox 1816 1515 1965 1572; x_wconf 89' lang='lat' dir='ltr'><strong>quos</strong></span> <span class='ocrx_word' id='word_1_120' title='bbox 2012 1497 2320 1556; x_wconf 83' lang='lat' dir='ltr'><strong>habuimus</strong></span> <span class='ocrx_word' id='word_1_121' title='bbox 2365 1497 2428 1555; x_wconf 90' lang='lat' dir='ltr'><strong>in</strong></span> <span class='ocrx_word' id='word_1_122' title='bbox 2476 1495 2596 1555; x_wconf 64' lang='lat' dir='ltr'><strong>vita</strong></span> <span class='ocrx_word' id='word_1_123' title='bbox 2640 1493 2901 1553; x_wconf 89' lang='lat' dir='ltr'><strong>laborum</strong></span> <span class='ocrx_word' id='word_1_124' title='bbox 2949 1489 3145 1557; x_wconf 90' lang='lat' dir='ltr'><strong>socios,</strong></span> 
     </span>
     <span class='ocr_line' id='line_1_20' title="bbox 434 1582 3145 1666; baseline -0 -25"><span class='ocrx_word' id='word_1_125' title='bbox 434 1582 636 1643; x_wconf 88' lang='lat' dir='ltr'><strong>eisdem</strong></span> <span class='ocrx_word' id='word_1_126' title='bbox 689 1597 819 1663; x_wconf 83' lang='lat' dir='ltr'><strong>post</strong></span> <span class='ocrx_word' id='word_1_127' title='bbox 886 1599 1122 1648; x_wconf 89' lang='lat' dir='ltr'><strong>mortem</strong></span> <span class='ocrx_word' id='word_1_128' title='bbox 1177 1588 1515 1646; x_wconf 81' lang='lat' dir='ltr'><strong>Christianae</strong></span> <span class='ocrx_word' id='word_1_129' title='bbox 1580 1586 1807 1665; x_wconf 88' lang='lat' dir='ltr'><strong>pietatis</strong></span> <span class='ocrx_word' id='word_1_130' title='bbox 1872 1589 2124 1648; x_wconf 88' lang='lat' dir='ltr'><strong>officium</strong></span> <span class='ocrx_word' id='word_1_131' title='bbox 2183 1590 2610 1666; x_wconf 85' lang='lat' dir='ltr'><strong>impendamus;</strong></span> <span class='ocrx_word' id='word_1_132' title='bbox 2677 1595 2901 1643; x_wconf 88' lang='lat' dir='ltr'><strong>mortuo</strong></span> <span class='ocrx_word' id='word_1_133' title='bbox 2948 1584 3145 1658; x_wconf 88' lang='lat' dir='ltr'><strong>aliquo</strong></span> 
     </span>
     <span class='ocr_line' id='line_1_21' title="bbox 435 1675 3143 1785; baseline -0.001 -51"><span class='ocrx_word' id='word_1_134' title='bbox 435 1687 662 1751; x_wconf 79' lang='lat' dir='ltr'><strong>pastore,</strong></span> <span class='ocrx_word' id='word_1_135' title='bbox 688 1680 878 1739; x_wconf 82' lang='lat' dir='ltr'><strong>caeteri</strong></span> <span class='ocrx_word' id='word_1_136' title='bbox 905 1681 1172 1785; x_wconf 43' lang='lat' dir='ltr'><strong>ejusdem·</strong></span> <span class='ocrx_word' id='word_1_137' title='bbox 1188 1679 1473 1738; x_wconf 69' lang='lat' dir='ltr'><strong>districtus</strong></span> <span class='ocrx_word' id='word_1_138' title='bbox 1501 1691 1619 1736; x_wconf 81' lang='lat' dir='ltr'><strong>tam</strong></span> <span class='ocrx_word' id='word_1_139' title='bbox 1644 1682 1958 1748; x_wconf 68' lang='lat' dir='ltr'><strong>saeculares,</strong></span> <span class='ocrx_word' id='word_1_140' title='bbox 1981 1701 2155 1756; x_wconf 88' lang='lat' dir='ltr'><strong>quam</strong></span> <span class='ocrx_word' id='word_1_141' title='bbox 2183 1683 2476 1757; x_wconf 80' lang='lat' dir='ltr'><strong>regulares</strong></span> <span class='ocrx_word' id='word_1_142' title='bbox 2502 1701 2607 1760; x_wconf 91' lang='lat' dir='ltr'><strong>per</strong></span> <span class='ocrx_word' id='word_1_143' title='bbox 2630 1682 2894 1740; x_wconf 71' lang='lat' dir='ltr'><strong>bttanttm</strong></span> <span class='ocrx_word' id='word_1_144' title='bbox 2922 1675 3143 1743; x_wconf 88' lang='lat' dir='ltr'><strong>moniti,</strong></span> 
     </span>
     <span class='ocr_line' id='line_1_22' title="bbox 432 1767 3143 1851; baseline 0 -25"><span class='ocrx_word' id='word_1_145' title='bbox 432 1767 607 1842; x_wconf 67' lang='lat' dir='ltr'><strong>prima</strong></span> <span class='ocrx_word' id='word_1_146' title='bbox 647 1773 1053 1831; x_wconf 86' lang='lat' dir='ltr'><strong>commoditate</strong></span> <span class='ocrx_word' id='word_1_147' title='bbox 1099 1772 1326 1830; x_wconf 89' lang='lat' dir='ltr'><strong>missam</strong></span> <span class='ocrx_word' id='word_1_148' title='bbox 1373 1791 1475 1848; x_wconf 91' lang='lat' dir='ltr'><strong>pro</strong></span> <span class='ocrx_word' id='word_1_149' title='bbox 1519 1771 1698 1849; x_wconf 90' lang='lat' dir='ltr'><strong>ipsius</strong></span> <span class='ocrx_word' id='word_1_150' title='bbox 1738 1772 1945 1831; x_wconf 83' lang='lat' dir='ltr'><strong>animae</strong></span> <span class='ocrx_word' id='word_1_151' title='bbox 1987 1773 2282 1851; x_wconf 86' lang='lat' dir='ltr'><strong>refrigerio</strong></span> <span class='ocrx_word' id='word_1_152' title='bbox 2329 1773 2729 1832; x_wconf 87' lang='lat' dir='ltr'><strong>celebrabunt:</strong></span> <span class='ocrx_word' id='word_1_153' title='bbox 2796 1790 2899 1849; x_wconf 92' lang='lat' dir='ltr'><strong>pro</strong></span> <span class='ocrx_word' id='word_1_154' title='bbox 2945 1772 3143 1830; x_wconf 66' lang='lat' dir='ltr'><strong>busitu</strong></span> 
     </span>
     <span class='ocr_line' id='line_1_23' title="bbox 432 1856 3143 1942; baseline 0.001 -27"><span class='ocrx_word' id='word_1_155' title='bbox 432 1878 574 1926; x_wconf 79' lang='lat' dir='ltr'><strong>vero,</strong></span> <span class='ocrx_word' id='word_1_156' title='bbox 598 1882 713 1920; x_wconf 92' lang='lat' dir='ltr'><strong>non</strong></span> <span class='ocrx_word' id='word_1_157' title='bbox 742 1864 932 1922; x_wconf 86' lang='lat' dir='ltr'><strong>solum</strong></span> <span class='ocrx_word' id='word_1_158' title='bbox 972 1866 1190 1942; x_wconf 86' lang='lat' dir='ltr'><strong>singuli</strong></span> <span class='ocrx_word' id='word_1_159' title='bbox 1217 1876 1467 1942; x_wconf 82' lang='lat' dir='ltr'><strong>pastores</strong></span> <span class='ocrx_word' id='word_1_160' title='bbox 1508 1864 1666 1922; x_wconf 88' lang='lat' dir='ltr'><strong>illius</strong></span> <span class='ocrx_word' id='word_1_161' title='bbox 1706 1864 2015 1931; x_wconf 86' lang='lat' dir='ltr'><strong>districtus,</strong></span> <span class='ocrx_word' id='word_1_162' title='bbox 2043 1865 2141 1924; x_wconf 91' lang='lat' dir='ltr'><strong>sed</strong></span> <span class='ocrx_word' id='word_1_163' title='bbox 2179 1884 2373 1924; x_wconf 64' lang='lat' dir='ltr'><strong>omnes</strong></span> <span class='ocrx_word' id='word_1_164' title='bbox 2399 1885 2632 1942; x_wconf 88' lang='lat' dir='ltr'><strong>quoque</strong></span> <span class='ocrx_word' id='word_1_165' title='bbox 2673 1863 2932 1923; x_wconf 84' lang='lat' dir='ltr'><strong>dioecesis</strong></span> <span class='ocrx_word' id='word_1_166' title='bbox 2957 1856 3143 1923; x_wconf 62' lang='lat' dir='ltr'><strong>uttan(</strong></span> 
     </span>
     <span class='ocr_line' id='line_1_24' title="bbox 433 1949 1419 2031; baseline 0.003 -20"><span class='ocrx_word' id='word_1_167' title='bbox 433 1949 672 2029; x_wconf 83' lang='lat' dir='ltr'><strong>idipsum</strong></span> <span class='ocrx_word' id='word_1_168' title='bbox 700 1968 968 2031; x_wconf 82' lang='lat' dir='ltr'><strong>praestare</strong></span> <span class='ocrx_word' id='word_1_169' title='bbox 995 1976 1110 2017; x_wconf 90' lang='lat' dir='ltr'><strong>non</strong></span> <span class='ocrx_word' id='word_1_170' title='bbox 1139 1957 1419 2016; x_wconf 87' lang='lat' dir='ltr'><strong>omittent.</strong></span> 
     </span>
    </p>

    <p class='ocr_par' dir='ltr' id='par_1_10' title="bbox 507 2045 3142 2123">
     <span class='ocr_line' id='line_1_25' title="bbox 507 2045 3142 2123; baseline 0 -21"><span class='ocrx_word' id='word_1_171' title='bbox 507 2046 715 2104; x_wconf 90' lang='lat' dir='ltr'><strong>Omnes</strong></span> <span class='ocrx_word' id='word_1_172' title='bbox 756 2045 946 2109; x_wconf 67' lang='lat' dir='ltr'><strong>berani</strong></span> <span class='ocrx_word' id='word_1_173' title='bbox 989 2050 1206 2107; x_wconf 88' lang='lat' dir='ltr'><strong>librum</strong></span> <span class='ocrx_word' id='word_1_174' title='bbox 1250 2049 1514 2116; x_wconf 85' lang='lat' dir='ltr'><strong>habeant,</strong></span> <span class='ocrx_word' id='word_1_175' title='bbox 1538 2047 1600 2106; x_wconf 89' lang='lat' dir='ltr'><strong>in</strong></span> <span class='ocrx_word' id='word_1_176' title='bbox 1642 2063 1760 2123; x_wconf 83' lang='lat' dir='ltr'><strong>qno</strong></span> <span class='ocrx_word' id='word_1_177' title='bbox 1804 2046 2049 2107; x_wconf 56' lang='lat' dir='ltr'><strong>fideliter</strong></span> <span class='ocrx_word' id='word_1_178' title='bbox 2092 2048 2427 2117; x_wconf 84' lang='lat' dir='ltr'><strong>describant,</strong></span> <span class='ocrx_word' id='word_1_179' title='bbox 2465 2059 2523 2108; x_wconf 89' lang='lat' dir='ltr'><strong>et</strong></span> <span class='ocrx_word' id='word_1_180' title='bbox 2563 2047 2979 2107; x_wconf 87' lang='lat' dir='ltr'><strong>successoribus</strong></span> <span class='ocrx_word' id='word_1_181' title='bbox 3023 2046 3142 2104; x_wconf 88' lang='lat' dir='ltr'><strong>suis</strong></span> 
     </span>
    </p>
   </div>
   <div class='ocr_carea' id='block_1_10' title="bbox 328 1488 3240 2351">
    <p class='ocr_par' dir='ltr' id='par_1_11' title="bbox 328 1488 3240 2351">
     <span class='ocr_line' id='line_1_26' title="bbox 336 1488 3240 1890; baseline 0 0"><span class='ocrx_word' id='word_1_182' title='bbox 336 1611 368 1890; x_wconf 95' lang='lat' dir='ltr'><strong>   </strong></span> <span class='ocrx_word' id='word_1_183' title='bbox 3212 1488 3240 1890; x_wconf 95' lang='lat' dir='ltr'><strong>    </strong></span> 
     </span>
     <span class='ocr_line' id='line_1_27' title="bbox 335 1890 3238 1985; baseline 0 0"><span class='ocrx_word' id='word_1_184' title='bbox 335 1890 363 1985; x_wconf 95' lang='lat' dir='ltr'><strong> </strong></span> <span class='ocrx_word' id='word_1_185' title='bbox 3212 1890 3238 1985; x_wconf 95' lang='lat' dir='ltr'><strong> </strong></span> 
     </span>
     <span class='ocr_line' id='line_1_28' title="bbox 328 1985 3238 2351; baseline 0 -280"><span class='ocrx_word' id='word_1_186' title='bbox 328 1985 361 2351; x_wconf 95' lang='lat' dir='ltr'><strong>    </strong></span> <span class='ocrx_word' id='word_1_187' title='bbox 3211 1985 3238 2187; x_wconf 95' lang='lat' dir='ltr'><strong>   </strong></span> 
     </span>
    </p>
   </div>
   <div class='ocr_carea' id='block_1_11' title="bbox 424 2139 3142 2580">
    <p class='ocr_par' dir='ltr' id='par_1_12' title="bbox 424 2139 3142 2580">
     <span class='ocr_line' id='line_1_29' title="bbox 429 2139 3140 2217; baseline 0.001 -24"><span class='ocrx_word' id='word_1_188' title='bbox 429 2139 825 2206; x_wconf 84' lang='lat' dir='ltr'><strong>transmittant,</strong></span> <span class='ocrx_word' id='word_1_189' title='bbox 850 2161 981 2216; x_wconf 79' lang='lat' dir='ltr'><strong>quae</strong></span> <span class='ocrx_word' id='word_1_190' title='bbox 1006 2161 1043 2198; x_wconf 88' lang='lat' dir='ltr'><strong>a</strong></span> <span class='ocrx_word' id='word_1_191' title='bbox 1080 2162 1139 2200; x_wconf 90' lang='lat' dir='ltr'><strong>se</strong></span> <span class='ocrx_word' id='word_1_192' title='bbox 1164 2153 1221 2200; x_wconf 94' lang='lat' dir='ltr'><strong>et</strong></span> <span class='ocrx_word' id='word_1_193' title='bbox 1260 2141 1322 2199; x_wconf 87' lang='lat' dir='ltr'><strong>in</strong></span> <span class='ocrx_word' id='word_1_194' title='bbox 1350 2145 1455 2199; x_wconf 68' lang='lat' dir='ltr'><strong>sua</strong></span> <span class='ocrx_word' id='word_1_195' title='bbox 1482 2140 1757 2216; x_wconf 86' lang='lat' dir='ltr'><strong>qualitate</strong></span> <span class='ocrx_word' id='word_1_196' title='bbox 1798 2152 1958 2217; x_wconf 83' lang='lat' dir='ltr'><strong>gesta</strong></span> <span class='ocrx_word' id='word_1_197' title='bbox 1985 2152 2141 2211; x_wconf 90' lang='lat' dir='ltr'><strong>sunt,</strong></span> <span class='ocrx_word' id='word_1_198' title='bbox 2169 2151 2226 2199; x_wconf 91' lang='lat' dir='ltr'><strong>et</strong></span> <span class='ocrx_word' id='word_1_199' title='bbox 2266 2142 2339 2199; x_wconf 89' lang='lat' dir='ltr'><strong>ad</strong></span> <span class='ocrx_word' id='word_1_200' title='bbox 2380 2161 2551 2199; x_wconf 89' lang='lat' dir='ltr'><strong>suum</strong></span> <span class='ocrx_word' id='word_1_201' title='bbox 2580 2141 2824 2199; x_wconf 89' lang='lat' dir='ltr'><strong>officium</strong></span> <span class='ocrx_word' id='word_1_202' title='bbox 2856 2140 3140 2217; x_wconf 88' lang='lat' dir='ltr'><strong>principa-</strong></span> 
     </span>
     <span class='ocr_line' id='line_1_30' title="bbox 426 2225 3138 2310; baseline 0 -24"><span class='ocrx_word' id='word_1_203' title='bbox 426 2225 561 2286; x_wconf 68' lang='lat' dir='ltr'><strong>liter</strong></span> <span class='ocrx_word' id='word_1_204' title='bbox 598 2243 852 2307; x_wconf 84' lang='lat' dir='ltr'><strong>spectant</strong></span> <span class='ocrx_word' id='word_1_205' title='bbox 894 2242 994 2290; x_wconf 85' lang='lat' dir='ltr'><strong>aut</strong></span> <span class='ocrx_word' id='word_1_206' title='bbox 1035 2233 1233 2292; x_wconf 85' lang='lat' dir='ltr'><strong>referri</strong></span> <span class='ocrx_word' id='word_1_207' title='bbox 1275 2234 1509 2292; x_wconf 73' lang='lat' dir='ltr'><strong>debentz</strong></span> <span class='ocrx_word' id='word_1_208' title='bbox 1567 2244 1632 2290; x_wconf 89' lang='grc' dir='ltr'><strong>ιιι</strong></span> <span class='ocrx_word' id='word_1_209' title='bbox 1668 2243 1803 2290; x_wconf 88' lang='lat' dir='ltr'><strong>sunt</strong></span> <span class='ocrx_word' id='word_1_210' title='bbox 1846 2228 2148 2310; x_wconf 78' lang='lat' dir='ltr'><strong>imprimis,</strong></span> <span class='ocrx_word' id='word_1_211' title='bbox 2190 2244 2318 2291; x_wconf 80' lang='lat' dir='ltr'><strong>acta</strong></span> <span class='ocrx_word' id='word_1_212' title='bbox 2343 2244 2401 2291; x_wconf 90' lang='lat' dir='ltr'><strong>et</strong></span> <span class='ocrx_word' id='word_1_213' title='bbox 2429 2234 2798 2291; x_wconf 80' lang='lat' dir='ltr'><strong>resolutiones</strong></span> <span class='ocrx_word' id='word_1_214' title='bbox 2825 2250 3138 2307; x_wconf 86' lang='lat' dir='ltr'><strong>congrega-</strong></span> 
     </span>
     <span class='ocr_line' id='line_1_31' title="bbox 426 2319 3142 2403; baseline 0.001 -26"><span class='ocrx_word' id='word_1_215' title='bbox 426 2319 643 2379; x_wconf 87' lang='lat' dir='ltr'><strong>tionum</strong></span> <span class='ocrx_word' id='word_1_216' title='bbox 691 2321 1035 2384; x_wconf 69' lang='lat' dir='ltr'><strong>Dttanalium</strong></span> <span class='ocrx_word' id='word_1_217' title='bbox 1083 2336 1142 2382; x_wconf 91' lang='lat' dir='ltr'><strong>et</strong></span> <span class='ocrx_word' id='word_1_218' title='bbox 1186 2326 1596 2403; x_wconf 69' lang='lat' dir='ltr'><strong>pastoralium</strong></span> <span class='ocrx_word' id='word_1_219' title='bbox 1663 2325 2012 2384; x_wconf 84' lang='lat' dir='ltr'><strong>visitationes</strong></span> <span class='ocrx_word' id='word_1_220' title='bbox 2060 2321 2380 2393; x_wconf 64' lang='grc' dir='ltr'>Βεεαιιαῑεβς</span> <span class='ocrx_word' id='word_1_221' title='bbox 2446 2325 2568 2383; x_wconf 88' lang='lat' dir='ltr'><strong>dies</strong></span> <span class='ocrx_word' id='word_1_222' title='bbox 2618 2323 3033 2402; x_wconf 87' lang='lat' dir='ltr'><strong>possessionum</strong></span> <span class='ocrx_word' id='word_1_223' title='bbox 3086 2334 3142 2381; x_wconf 92' lang='lat' dir='ltr'><strong>et</strong></span> 
     </span>
     <span class='ocr_line' id='line_1_32' title="bbox 425 2412 3140 2495; baseline 0 -24"><span class='ocrx_word' id='word_1_224' title='bbox 425 2412 617 2472; x_wconf 86' lang='lat' dir='ltr'><strong>obitus</strong></span> <span class='ocrx_word' id='word_1_225' title='bbox 640 2426 949 2492; x_wconf 86' lang='lat' dir='ltr'><strong>pastorum,</strong></span> <span class='ocrx_word' id='word_1_226' title='bbox 976 2417 1337 2484; x_wconf 83' lang='lat' dir='ltr'><strong>vicariorum,</strong></span> <span class='ocrx_word' id='word_1_227' title='bbox 1364 2428 1421 2475; x_wconf 90' lang='lat' dir='ltr'><strong>et</strong></span> <span class='ocrx_word' id='word_1_228' title='bbox 1461 2417 1910 2485; x_wconf 81' lang='lat' dir='ltr'><strong>sacellanorum3</strong></span> <span class='ocrx_word' id='word_1_229' title='bbox 1951 2417 2134 2476; x_wconf 83' lang='lat' dir='ltr'><strong>literae</strong></span> <span class='ocrx_word' id='word_1_230' title='bbox 2158 2428 2216 2477; x_wconf 90' lang='lat' dir='ltr'><strong>et</strong></span> <span class='ocrx_word' id='word_1_231' title='bbox 2255 2419 2528 2476; x_wconf 88' lang='lat' dir='ltr'><strong>mandata</strong></span> <span class='ocrx_word' id='word_1_232' title='bbox 2556 2417 2693 2495; x_wconf 88' lang='lat' dir='ltr'><strong>ipsis</strong></span> <span class='ocrx_word' id='word_1_233' title='bbox 2721 2417 2783 2473; x_wconf 88' lang='lat' dir='ltr'><strong>in</strong></span> <span class='ocrx_word' id='word_1_234' title='bbox 2810 2413 3007 2472; x_wconf 86' lang='lat' dir='ltr'><strong>eadem</strong></span> <span class='ocrx_word' id='word_1_235' title='bbox 3033 2434 3140 2472; x_wconf 86' lang='lat' dir='ltr'><strong>sua</strong></span> 
     </span>
     <span class='ocr_line' id='line_1_33' title="bbox 424 2505 1339 2580; baseline 0.007 -18"><span class='ocrx_word' id='word_1_236' title='bbox 424 2505 692 2580; x_wconf 80' lang='lat' dir='ltr'><strong>qualitate</strong></span> <span class='ocrx_word' id='word_1_237' title='bbox 716 2529 753 2566; x_wconf 90' lang='lat' dir='ltr'><strong>a</strong></span> <span class='ocrx_word' id='word_1_238' title='bbox 779 2508 948 2568; x_wconf 88' lang='lat' dir='ltr'><strong>nobis</strong></span> <span class='ocrx_word' id='word_1_239' title='bbox 973 2509 1205 2580; x_wconf 85' lang='lat' dir='ltr'><strong>directa,</strong></span> <span class='ocrx_word' id='word_1_240' title='bbox 1234 2522 1339 2569; x_wconf 87' lang='lat' dir='ltr'><strong>etc.</strong></span> 
     </span>
    </p>
   </div>
   <div class='ocr_carea' id='block_1_12' title="bbox 324 2351 3236 2717">
    <p class='ocr_par' dir='ltr' id='par_1_13' title="bbox 324 2351 3236 2717">
     <span class='ocr_line' id='line_1_34' title="bbox 324 2351 3236 2617; baseline 0 0"><span class='ocrx_word' id='word_1_241' title='bbox 324 2351 358 2617; x_wconf 95' lang='lat' dir='ltr'><strong>   </strong></span> <span class='ocrx_word' id='word_1_242' title='bbox 3206 2351 3236 2617; x_wconf 95' lang='lat' dir='ltr'><strong>   </strong></span> 
     </span>
     <span class='ocr_line' id='line_1_35' title="bbox 324 2617 1988 2717; baseline 0 0"><span class='ocrx_word' id='word_1_243' title='bbox 324 2617 1988 2717; x_wconf 95' lang='lat' dir='ltr'><strong> </strong></span> 
     </span>
    </p>
   </div>
   <div class='ocr_carea' id='block_1_13' title="bbox 1988 2600 3136 2678">
    <p class='ocr_par' dir='ltr' id='par_1_14' title="bbox 1988 2600 3136 2678">
     <span class='ocr_line' id='line_1_36' title="bbox 1988 2600 3136 2678; baseline 0 -21"><span class='ocrx_word' id='word_1_244' title='bbox 1988 2600 2105 2659; x_wconf 85' lang='lat' dir='ltr'><strong>CC.</strong></span> <span class='ocrx_word' id='word_1_245' title='bbox 2128 2602 2474 2671; x_wconf 67' lang='lat' dir='ltr'><strong>Genuam,</strong></span> <span class='ocrx_word' id='word_1_246' title='bbox 2505 2602 2668 2662; x_wconf 78' lang='lat' dir='ltr'><strong>Tom-</strong></span> <span class='ocrx_word' id='word_1_247' title='bbox 2688 2620 2740 2659; x_wconf 76' lang='grc' dir='ltr'><strong>ιι.</strong></span> <span class='ocrx_word' id='word_1_248' title='bbox 2769 2620 2822 2678; x_wconf 89' lang='lat' dir='ltr'><strong>p.</strong></span> <span class='ocrx_word' id='word_1_249' title='bbox 2842 2601 3136 2657; x_wconf 40' lang='lat' dir='ltr'><strong>fimf—68.</strong></span> 
     </span>
    </p>
   </div>
   <div class='ocr_carea' id='block_1_14' title="bbox 322 2617 3232 2985">
    <p class='ocr_par' dir='ltr' id='par_1_15' title="bbox 322 2617 3232 2985">
     <span class='ocr_line' id='line_1_37' title="bbox 324 2617 3232 2802; baseline 0 0"><span class='ocrx_word' id='word_1_250' title='bbox 324 2617 3232 2802; x_wconf 95' lang='lat' dir='ltr'><strong>    </strong></span> 
     </span>
     <span class='ocr_line' id='line_1_38' title="bbox 322 2802 3230 2985; baseline 0 -164"><span class='ocrx_word' id='word_1_251' title='bbox 322 2802 3230 2985; x_wconf 95' lang='lat' dir='ltr'><strong>   </strong></span> 
     </span>
    </p>
   </div>
   <div class='ocr_carea' id='block_1_15' title="bbox 1204 2862 2348 3074">
    <p class='ocr_par' dir='ltr' id='par_1_16' title="bbox 1204 2862 2348 3074">
     <span class='ocr_line' id='line_1_39' title="bbox 1557 2862 1994 2944; baseline 0.002 -13"><span class='ocrx_word' id='word_1_252' title='bbox 1557 2862 1994 2944; x_wconf 52' lang='lat' dir='ltr'><strong>(metullum</strong></span> 
     </span>
     <span class='ocr_line' id='line_1_40' title="bbox 1204 2993 2348 3074; baseline 0.003 -24"><span class='ocrx_word' id='word_1_253' title='bbox 1204 2994 1420 3053; x_wconf 81' lang='lat' dir='ltr'><strong>SECT.</strong></span> <span class='ocrx_word' id='word_1_254' title='bbox 1443 2996 1494 3053; x_wconf 92' lang='grc' dir='ltr'><strong>Ι.</strong></span> <span class='ocrx_word' id='word_1_255' title='bbox 1525 2993 1901 3061; x_wconf 62' lang='grc' dir='ltr'><strong>2.-ὓίοεεβε</strong></span> <span class='ocrx_word' id='word_1_256' title='bbox 1930 2994 1991 3056; x_wconf 79' lang='lat' dir='ltr'><strong>of</strong></span> <span class='ocrx_word' id='word_1_257' title='bbox 2014 2993 2348 3074; x_wconf 63' lang='lat' dir='ltr'><strong>zugslmrg.</strong></span> 
     </span>
    </p>
   </div>
   <div class='ocr_carea' id='block_1_16' title="bbox 790 3123 2764 3287">
    <p class='ocr_par' dir='ltr' id='par_1_17' title="bbox 790 3123 2764 3287">
     <span class='ocr_line' id='line_1_41' title="bbox 790 3123 2764 3190; baseline -0.002 -6"><span class='ocrx_word' id='word_1_258' title='bbox 790 3125 1022 3185; x_wconf 64' lang='lat' dir='ltr'><strong>Dum-ms</strong></span> <span class='ocrx_word' id='word_1_259' title='bbox 1049 3145 1118 3185; x_wconf 76' lang='lat' dir='ltr'><strong>or</strong></span> <span class='ocrx_word' id='word_1_260' title='bbox 1146 3123 1351 3190; x_wconf 56' lang='lat' dir='ltr'><strong>”tans</strong></span> <span class='ocrx_word' id='word_1_261' title='bbox 1377 3123 1573 3187; x_wconf 62' lang='lat' dir='ltr'><strong>Rutal</strong></span> <span class='ocrx_word' id='word_1_262' title='bbox 1599 3147 1669 3186; x_wconf 75' lang='lat' dir='ltr'><strong>or</strong></span> <span class='ocrx_word' id='word_1_263' title='bbox 1698 3147 1816 3186; x_wconf 77' lang='lat' dir='ltr'><strong>rna</strong></span> <span class='ocrx_word' id='word_1_264' title='bbox 1846 3129 2106 3186; x_wconf 75' lang='lat' dir='ltr'><strong>Drocnsn</strong></span> <span class='ocrx_word' id='word_1_265' title='bbox 2131 3147 2200 3185; x_wconf 75' lang='lat' dir='ltr'><strong>or</strong></span> <span class='ocrx_word' id='word_1_266' title='bbox 2227 3128 2544 3185; x_wconf 80' lang='lat' dir='ltr'><strong>Ausssuao</strong></span> <span class='ocrx_word' id='word_1_267' title='bbox 2571 3142 2764 3183; x_wconf 66' lang='lat' dir='ltr'><strong>nunna</strong></span> 
     </span>
     <span class='ocr_line' id='line_1_42' title="bbox 1123 3217 2437 3287; baseline -0.002 -10"><span class='ocrx_word' id='word_1_268' title='bbox 1123 3221 1345 3277; x_wconf 71' lang='lat' dir='ltr'><strong>Bxsnop</strong></span> <span class='ocrx_word' id='word_1_269' title='bbox 1373 3217 2064 3287; x_wconf 64' lang='lat' dir='ltr'><strong>HnNav-A-Knonmosn,</strong></span> <span class='ocrx_word' id='word_1_270' title='bbox 2093 3219 2244 3279; x_wconf 57' lang='lat' dir='ltr'><strong>AD.</strong></span> <span class='ocrx_word' id='word_1_271' title='bbox 2267 3237 2437 3277; x_wconf 79' lang='lat' dir='ltr'><strong>mncx.</strong></span> 
     </span>
    </p>
   </div>
   <div class='ocr_carea' id='block_1_17' title="bbox 412 3324 3152 4425">
    <p class='ocr_par' dir='ltr' id='par_1_18' title="bbox 412 3324 3135 3869">
     <span class='ocr_line' id='line_1_43' title="bbox 504 3324 3135 3410; baseline -0.001 -28"><span class='ocrx_word' id='word_1_272' title='bbox 504 3342 542 3382; x_wconf 88' lang='lat'><strong>1.</strong></span> <span class='ocrx_word' id='word_1_273' title='bbox 579 3328 821 3388; x_wconf 86' lang='lat' dir='ltr'>FACIT</span> <span class='ocrx_word' id='word_1_274' title='bbox 849 3341 1007 3387; x_wconf 87' lang='lat' dir='ltr'><strong>tanta</strong></span> <span class='ocrx_word' id='word_1_275' title='bbox 1032 3329 1293 3389; x_wconf 85' lang='lat' dir='ltr'><strong>dioecesis</strong></span> <span class='ocrx_word' id='word_1_276' title='bbox 1321 3345 1528 3392; x_wconf 81' lang='lat' dir='ltr'><strong>nostrae</strong></span> <span class='ocrx_word' id='word_1_277' title='bbox 1565 3333 1898 3410; x_wconf 85' lang='lat' dir='ltr'><strong>amplitudO,</strong></span> <span class='ocrx_word' id='word_1_278' title='bbox 1927 3342 1985 3390; x_wconf 89' lang='lat' dir='ltr'><strong>et</strong></span> <span class='ocrx_word' id='word_1_279' title='bbox 2012 3344 2170 3390; x_wconf 90' lang='lat' dir='ltr'><strong>tanta</strong></span> <span class='ocrx_word' id='word_1_280' title='bbox 2207 3331 2572 3407; x_wconf 90' lang='lat' dir='ltr'><strong>negotiorum</strong></span> <span class='ocrx_word' id='word_1_281' title='bbox 2599 3329 2793 3396; x_wconf 76' lang='lat' dir='ltr'><strong>moles,</strong></span> <span class='ocrx_word' id='word_1_282' title='bbox 2818 3335 2884 3384; x_wconf 90' lang='lat' dir='ltr'><strong>ut</strong></span> <span class='ocrx_word' id='word_1_283' title='bbox 2910 3324 3135 3401; x_wconf 87' lang='lat' dir='ltr'><strong>ipsimet</strong></span> 
     </span>
     <span class='ocr_line' id='line_1_44' title="bbox 417 3416 3135 3500; baseline -0.002 -23"><span class='ocrx_word' id='word_1_284' title='bbox 417 3432 714 3495; x_wconf 81' lang='lat' dir='ltr'><strong>praesentes</strong></span> <span class='ocrx_word' id='word_1_285' title='bbox 742 3421 918 3480; x_wconf 89' lang='lat' dir='ltr'><strong>totius</strong></span> <span class='ocrx_word' id='word_1_286' title='bbox 945 3421 1139 3497; x_wconf 83' lang='lat' dir='ltr'><strong>gregis</strong></span> <span class='ocrx_word' id='word_1_287' title='bbox 1165 3424 1345 3481; x_wconf 88' lang='lat' dir='ltr'><strong>nostri</strong></span> <span class='ocrx_word' id='word_1_288' title='bbox 1374 3426 1735 3483; x_wconf 86' lang='lat' dir='ltr'><strong>necessitates</strong></span> <span class='ocrx_word' id='word_1_289' title='bbox 1761 3444 2119 3500; x_wconf 85' lang='lat' dir='ltr'><strong>cognoscere,</strong></span> <span class='ocrx_word' id='word_1_290' title='bbox 2146 3434 2203 3483; x_wconf 90' lang='lat' dir='ltr'><strong>et</strong></span> <span class='ocrx_word' id='word_1_291' title='bbox 2239 3423 2486 3482; x_wconf 88' lang='lat' dir='ltr'><strong>remedia</strong></span> <span class='ocrx_word' id='word_1_292' title='bbox 2521 3430 2840 3498; x_wconf 85' lang='lat' dir='ltr'><strong>opportuna</strong></span> <span class='ocrx_word' id='word_1_293' title='bbox 2865 3416 3135 3475; x_wconf 86' lang='lat' dir='ltr'><strong>adhibere</strong></span> 
     </span>
     <span class='ocr_line' id='line_1_45' title="bbox 416 3507 3132 3592; baseline -0.002 -24"><span class='ocrx_word' id='word_1_294' title='bbox 416 3511 569 3568; x_wconf 82' lang='lat' dir='ltr'><strong>haud</strong></span> <span class='ocrx_word' id='word_1_295' title='bbox 597 3515 892 3589; x_wconf 85' lang='lat' dir='ltr'><strong>possimus.</strong></span> <span class='ocrx_word' id='word_1_296' title='bbox 971 3514 1353 3579; x_wconf 85' lang='lat' dir='ltr'><strong>Quamobrem</strong></span> <span class='ocrx_word' id='word_1_297' title='bbox 1385 3517 1568 3574; x_wconf 90' lang='lat' dir='ltr'><strong>visum</strong></span> <span class='ocrx_word' id='word_1_298' title='bbox 1597 3527 1697 3584; x_wconf 86' lang='lat' dir='ltr'><strong>est,</strong></span> <span class='ocrx_word' id='word_1_299' title='bbox 1725 3536 1897 3584; x_wconf 85' lang='lat' dir='ltr'><strong>more,</strong></span> <span class='ocrx_word' id='word_1_300' title='bbox 1925 3517 2302 3592; x_wconf 83' lang='lat' dir='ltr'><strong>exemploque</strong></span> <span class='ocrx_word' id='word_1_301' title='bbox 2332 3515 2611 3588; x_wconf 86' lang='lat' dir='ltr'><strong>majorum</strong></span> <span class='ocrx_word' id='word_1_302' title='bbox 2638 3520 2852 3588; x_wconf 87' lang='lat' dir='ltr'><strong>partem</strong></span> <span class='ocrx_word' id='word_1_303' title='bbox 2878 3507 3132 3583; x_wconf 87' lang='lat' dir='ltr'><strong>aliquam</strong></span> 
     </span>
     <span class='ocr_line' id='line_1_46' title="bbox 415 3599 3132 3687; baseline -0.001 -26"><span class='ocrx_word' id='word_1_304' title='bbox 415 3623 564 3661; x_wconf 83' lang='lat' dir='ltr'><strong>curae</strong></span> <span class='ocrx_word' id='word_1_305' title='bbox 602 3618 657 3663; x_wconf 90' lang='lat' dir='ltr'><strong>et</strong></span> <span class='ocrx_word' id='word_1_306' title='bbox 696 3606 910 3664; x_wconf 85' lang='lat' dir='ltr'><strong>laboris</strong></span> <span class='ocrx_word' id='word_1_307' title='bbox 953 3607 1249 3682; x_wconf 88' lang='lat' dir='ltr'><strong>pastoralis</strong></span> <span class='ocrx_word' id='word_1_308' title='bbox 1292 3628 1425 3666; x_wconf 89' lang='lat' dir='ltr'><strong>cum</strong></span> <span class='ocrx_word' id='word_1_309' title='bbox 1468 3610 1539 3668; x_wconf 93' lang='lat' dir='ltr'><strong>iis</strong></span> <span class='ocrx_word' id='word_1_310' title='bbox 1583 3608 1799 3687; x_wconf 86' lang='lat' dir='ltr'><strong>partiri,</strong></span> <span class='ocrx_word' id='word_1_311' title='bbox 1840 3629 1985 3686; x_wconf 89' lang='lat' dir='ltr'><strong>quos</strong></span> <span class='ocrx_word' id='word_1_312' title='bbox 2026 3609 2146 3683; x_wconf 90' lang='lat' dir='ltr'><strong>jam</strong></span> <span class='ocrx_word' id='word_1_313' title='bbox 2194 3621 2326 3667; x_wconf 85' lang='lat' dir='ltr'><strong>ante</strong></span> <span class='ocrx_word' id='word_1_314' title='bbox 2361 3606 2530 3666; x_wconf 90' lang='lat' dir='ltr'><strong>certis</strong></span> <span class='ocrx_word' id='word_1_315' title='bbox 2564 3603 2918 3683; x_wconf 65' lang='lat' dir='ltr'><strong>episcopatus</strong></span> <span class='ocrx_word' id='word_1_316' title='bbox 2953 3599 3132 3659; x_wconf 87' lang='lat' dir='ltr'><strong>nostri</strong></span> 
     </span>
     <span class='ocr_line' id='line_1_47' title="bbox 415 3693 3130 3776; baseline -0.001 -22"><span class='ocrx_word' id='word_1_317' title='bbox 415 3696 767 3771; x_wconf 80' lang='lat' dir='ltr'><strong>regiunculis</strong></span> <span class='ocrx_word' id='word_1_318' title='bbox 795 3698 1100 3774; x_wconf 67' lang='lat' dir='ltr'><strong>praefectos,</strong></span> <span class='ocrx_word' id='word_1_319' title='bbox 1127 3695 1308 3776; x_wconf 73' lang='lat' dir='ltr'><strong>vulgo</strong></span> <span class='ocrx_word' id='word_1_320' title='bbox 1335 3704 1568 3764; x_wconf 69' lang='lat' dir='ltr'><strong>betanus</strong></span> <span class='ocrx_word' id='word_1_321' title='bbox 1597 3699 1815 3764; x_wconf 57' lang='lat' dir='ltr'><strong>tutam</strong></span> <span class='ocrx_word' id='word_1_322' title='bbox 1844 3720 2147 3769; x_wconf 79' lang='lat' dir='ltr'><strong>vocamus3</strong></span> <span class='ocrx_word' id='word_1_323' title='bbox 2186 3699 2343 3776; x_wconf 88' lang='lat' dir='ltr'><strong>quod</strong></span> <span class='ocrx_word' id='word_1_324' title='bbox 2370 3710 2434 3756; x_wconf 90' lang='lat' dir='ltr'><strong>ut</strong></span> <span class='ocrx_word' id='word_1_325' title='bbox 2470 3697 2671 3773; x_wconf 89' lang='lat' dir='ltr'><strong>majori</strong></span> <span class='ocrx_word' id='word_1_326' title='bbox 2697 3696 2951 3754; x_wconf 69' lang='lat' dir='ltr'><strong>ecclesiae</strong></span> <span class='ocrx_word' id='word_1_327' title='bbox 2977 3693 3130 3751; x_wconf 92' lang='lat' dir='ltr'><strong>bono</strong></span> 
     </span>
     <span class='ocr_line' id='line_1_48' title="bbox 412 3788 2744 3869; baseline -0.001 -22"><span class='ocrx_word' id='word_1_328' title='bbox 412 3788 531 3854; x_wconf 78' lang='lat' dir='ltr'><strong>fiat,</strong></span> <span class='ocrx_word' id='word_1_329' title='bbox 556 3790 906 3855; x_wconf 88' lang='lat' dir='ltr'><strong>curabimus,</strong></span> <span class='ocrx_word' id='word_1_330' title='bbox 935 3800 999 3847; x_wconf 91' lang='lat' dir='ltr'><strong>ut</strong></span> <span class='ocrx_word' id='word_1_331' title='bbox 1026 3790 1291 3867; x_wconf 84' lang='lat' dir='ltr'><strong>deinceps</strong></span> <span class='ocrx_word' id='word_1_332' title='bbox 1320 3792 1373 3850; x_wconf 92' lang='lat' dir='ltr'><strong>ei</strong></span> <span class='ocrx_word' id='word_1_333' title='bbox 1403 3794 1625 3851; x_wconf 91' lang='lat' dir='ltr'><strong>muneri</strong></span> <span class='ocrx_word' id='word_1_334' title='bbox 1650 3788 1826 3869; x_wconf 62' lang='lat' dir='ltr'><strong>quam</strong></span> <span class='ocrx_word' id='word_1_335' title='bbox 1855 3788 2102 3850; x_wconf 87' lang='lat' dir='ltr'><strong>maxime</strong></span> <span class='ocrx_word' id='word_1_336' title='bbox 2131 3790 2323 3850; x_wconf 88' lang='lat' dir='ltr'><strong>idonei</strong></span> <span class='ocrx_word' id='word_1_337' title='bbox 2350 3791 2744 3867; x_wconf 62' lang='lat' dir='ltr'><strong>praeficiantur.</strong></span> 
     </span>
    </p>

    <p class='ocr_par' dir='ltr' id='par_1_19' title="bbox 413 3877 3152 4425">
     <span class='ocr_line' id='line_1_49' title="bbox 500 3877 3131 3958; baseline -0.001 -22"><span class='ocrx_word' id='word_1_338' title='bbox 500 3899 556 3936; x_wconf 80' lang='lat' dir='ltr'><strong>n.</strong></span> <span class='ocrx_word' id='word_1_339' title='bbox 594 3882 996 3947; x_wconf 85' lang='lat' dir='ltr'><strong>Quamobrem,</strong></span> <span class='ocrx_word' id='word_1_340' title='bbox 1024 3880 1169 3940; x_wconf 88' lang='lat' dir='ltr'><strong>ubi</strong></span> <span class='ocrx_word' id='word_1_341' title='bbox 1153 3903 1216 3940; x_wconf 76' lang='lat' dir='ltr'><strong>in</strong></span> <span class='ocrx_word' id='word_1_342' title='bbox 1244 3882 1431 3941; x_wconf 90' lang='lat' dir='ltr'><strong>locum</strong></span> <span class='ocrx_word' id='word_1_343' title='bbox 1460 3885 1716 3943; x_wconf 84' lang='lat' dir='ltr'><strong>vacantis</strong></span> <span class='ocrx_word' id='word_1_344' title='bbox 1743 3885 2036 3948; x_wconf 65' lang='lat' dir='ltr'><strong>uttanatt&#39;is</strong></span> <span class='ocrx_word' id='word_1_345' title='bbox 2063 3882 2272 3958; x_wconf 89' lang='lat' dir='ltr'><strong>aliquis</strong></span> <span class='ocrx_word' id='word_1_346' title='bbox 2298 3883 2663 3940; x_wconf 76' lang='lat' dir='ltr'><strong>sufficientius</strong></span> <span class='ocrx_word' id='word_1_347' title='bbox 2690 3879 2818 3946; x_wconf 87' lang='lat' dir='ltr'><strong>erit,</strong></span> <span class='ocrx_word' id='word_1_348' title='bbox 2847 3877 3131 3943; x_wconf 84' lang='lat' dir='ltr'><strong>volumus,</strong></span> 
     </span>
     <span class='ocr_line' id='line_1_50' title="bbox 414 3967 3129 4052; baseline -0.001 -25"><span class='ocrx_word' id='word_1_349' title='bbox 414 3982 482 4027; x_wconf 88' lang='lat' dir='ltr'><strong>ut</strong></span> <span class='ocrx_word' id='word_1_350' title='bbox 508 3989 700 4029; x_wconf 91' lang='lat' dir='ltr'><strong>omnes</strong></span> <span class='ocrx_word' id='word_1_351' title='bbox 726 3972 816 4031; x_wconf 92' lang='lat' dir='ltr'><strong>illi</strong></span> <span class='ocrx_word' id='word_1_352' title='bbox 848 3970 1088 4050; x_wconf 72' lang='lat' dir='ltr'><strong>tapitttlo</strong></span> <span class='ocrx_word' id='word_1_353' title='bbox 1116 3975 1386 4052; x_wconf 88' lang='lat' dir='ltr'><strong>adscripti</strong></span> <span class='ocrx_word' id='word_1_354' title='bbox 1413 3988 1470 4035; x_wconf 90' lang='lat' dir='ltr'><strong>et</strong></span> <span class='ocrx_word' id='word_1_355' title='bbox 1510 3974 1779 4035; x_wconf 68' lang='lat' dir='ltr'><strong>canonice</strong></span> <span class='ocrx_word' id='word_1_356' title='bbox 1820 3977 2071 4035; x_wconf 88' lang='lat' dir='ltr'><strong>instituti</strong></span> <span class='ocrx_word' id='word_1_357' title='bbox 2105 3974 2313 4043; x_wconf 89' lang='lat' dir='ltr'><strong>clerici,</strong></span> <span class='ocrx_word' id='word_1_358' title='bbox 2339 3975 2410 4032; x_wconf 84' lang='lat' dir='ltr'><strong>ad</strong></span> <span class='ocrx_word' id='word_1_359' title='bbox 2439 3985 2656 4032; x_wconf 85' lang='lat' dir='ltr'><strong>certum</strong></span> <span class='ocrx_word' id='word_1_360' title='bbox 2682 3971 2850 4037; x_wconf 90' lang='lat' dir='ltr'><strong>diem,</strong></span> <span class='ocrx_word' id='word_1_361' title='bbox 2877 3991 2914 4027; x_wconf 89' lang='lat' dir='ltr'><strong>a</strong></span> <span class='ocrx_word' id='word_1_362' title='bbox 2943 3967 3129 4034; x_wconf 90' lang='lat' dir='ltr'><strong>nobis,</strong></span> 
     </span>
     <span class='ocr_line' id='line_1_51' title="bbox 415 4058 3131 4145; baseline -0.002 -26"><span class='ocrx_word' id='word_1_363' title='bbox 415 4061 506 4119; x_wconf 82' lang='lat' dir='ltr'><strong>vel</strong></span> <span class='ocrx_word' id='word_1_364' title='bbox 531 4063 740 4123; x_wconf 80' lang='lat' dir='ltr'><strong>vicario</strong></span> <span class='ocrx_word' id='word_1_365' title='bbox 767 4078 960 4124; x_wconf 89' lang='lat' dir='ltr'><strong>nostro</strong></span> <span class='ocrx_word' id='word_1_366' title='bbox 982 4067 1352 4136; x_wconf 87' lang='lat' dir='ltr'><strong>nominatum,</strong></span> <span class='ocrx_word' id='word_1_367' title='bbox 1376 4071 1731 4137; x_wconf 87' lang='lat' dir='ltr'><strong>conveniant,</strong></span> <span class='ocrx_word' id='word_1_368' title='bbox 1751 4080 1809 4127; x_wconf 89' lang='lat' dir='ltr'><strong>et</strong></span> <span class='ocrx_word' id='word_1_369' title='bbox 1833 4070 1958 4143; x_wconf 88' lang='lat' dir='ltr'><strong>ejus</strong></span> <span class='ocrx_word' id='word_1_370' title='bbox 1985 4067 2339 4145; x_wconf 87' lang='lat' dir='ltr'><strong>integritatis,</strong></span> <span class='ocrx_word' id='word_1_371' title='bbox 2362 4064 2698 4124; x_wconf 89' lang='lat' dir='ltr'><strong>eruditionis</strong></span> <span class='ocrx_word' id='word_1_372' title='bbox 2717 4084 2783 4122; x_wconf 89' lang='lat' dir='ltr'><strong>ac</strong></span> <span class='ocrx_word' id='word_1_373' title='bbox 2811 4058 3131 4138; x_wconf 85' lang='lat' dir='ltr'><strong>prudentiae</strong></span> 
     </span>
     <span class='ocr_line' id='line_1_52' title="bbox 414 4152 3126 4239; baseline -0.003 -26"><span class='ocrx_word' id='word_1_374' title='bbox 414 4155 757 4215; x_wconf 77' lang='lat' dir='ltr'><strong>sacerdotem</strong></span> <span class='ocrx_word' id='word_1_375' title='bbox 798 4158 1031 4235; x_wconf 88' lang='lat' dir='ltr'><strong>eligant,</strong></span> <span class='ocrx_word' id='word_1_376' title='bbox 1057 4178 1228 4235; x_wconf 89' lang='lat' dir='ltr'><strong>quem</strong></span> <span class='ocrx_word' id='word_1_377' title='bbox 1269 4157 1471 4220; x_wconf 77' lang='lat' dir='ltr'><strong>merito</strong></span> <span class='ocrx_word' id='word_1_378' title='bbox 1512 4181 1736 4239; x_wconf 85' lang='lat' dir='ltr'><strong>sperare</strong></span> <span class='ocrx_word' id='word_1_379' title='bbox 1779 4161 1994 4237; x_wconf 88' lang='lat' dir='ltr'><strong>possint</strong></span> <span class='ocrx_word' id='word_1_380' title='bbox 2033 4180 2167 4219; x_wconf 88' lang='lat' dir='ltr'><strong>cum</strong></span> <span class='ocrx_word' id='word_1_381' title='bbox 2194 4161 2388 4218; x_wconf 85' lang='lat' dir='ltr'><strong>fructu</strong></span> <span class='ocrx_word' id='word_1_382' title='bbox 2421 4169 2477 4217; x_wconf 90' lang='lat' dir='ltr'><strong>et</strong></span> <span class='ocrx_word' id='word_1_383' title='bbox 2505 4156 2782 4234; x_wconf 88' lang='lat' dir='ltr'><strong>dignitate</strong></span> <span class='ocrx_word' id='word_1_384' title='bbox 2823 4152 2883 4210; x_wconf 92' lang='lat' dir='ltr'><strong>id</strong></span> <span class='ocrx_word' id='word_1_385' title='bbox 2918 4168 3126 4208; x_wconf 89' lang='lat' dir='ltr'><strong>munus</strong></span> 
     </span>
     <span class='ocr_line' id='line_1_53' title="bbox 413 4246 725 4306; baseline 0.003 -1"><span class='ocrx_word' id='word_1_386' title='bbox 413 4246 725 4306; x_wconf 90' lang='lat' dir='ltr'><strong>obiturum.</strong></span> 
     </span>
     <span class='ocr_line' id='line_1_54' title="bbox 499 4337 3152 4425; baseline -0 -28"><span class='ocrx_word' id='word_1_387' title='bbox 499 4358 580 4397; x_wconf 82' lang='grc' dir='ltr'>ιιι.</span> <span class='ocrx_word' id='word_1_388' title='bbox 623 4337 851 4399; x_wconf 64' lang='lat' dir='ltr'><strong>Deinde</strong></span> <span class='ocrx_word' id='word_1_389' title='bbox 893 4344 1139 4402; x_wconf 88' lang='lat' dir='ltr'><strong>electum</strong></span> <span class='ocrx_word' id='word_1_390' title='bbox 1167 4343 1348 4411; x_wconf 75' lang='lat' dir='ltr'><strong>nobiS,</strong></span> <span class='ocrx_word' id='word_1_391' title='bbox 1375 4346 1467 4404; x_wconf 84' lang='lat' dir='ltr'><strong>vel</strong></span> <span class='ocrx_word' id='word_1_392' title='bbox 1510 4344 1727 4404; x_wconf 82' lang='lat' dir='ltr'><strong>vicario</strong></span> <span class='ocrx_word' id='word_1_393' title='bbox 1756 4356 1950 4403; x_wconf 86' lang='lat' dir='ltr'><strong>nostro</strong></span> <span class='ocrx_word' id='word_1_394' title='bbox 1991 4345 2177 4422; x_wconf 91' lang='lat' dir='ltr'><strong>primo</strong></span> <span class='ocrx_word' id='word_1_395' title='bbox 2219 4364 2449 4421; x_wconf 90' lang='lat' dir='ltr'><strong>quoque</strong></span> <span class='ocrx_word' id='word_1_396' title='bbox 2490 4353 2738 4418; x_wconf 90' lang='lat' dir='ltr'><strong>tempore</strong></span> <span class='ocrx_word' id='word_1_397' title='bbox 2778 4340 3152 4425; x_wconf 35' lang='lat' dir='ltr'><strong>praesentent·</strong></span> 
     </span>
    </p>
   </div>
   <div class='ocr_carea' id='block_1_18' title="bbox 320 2821 3229 4509">
    <p class='ocr_par' dir='ltr' id='par_1_20' title="bbox 320 2821 3229 4509">
     <span class='ocr_line' id='line_1_55' title="bbox 321 2821 1557 2985; baseline 0 -32"><span class='ocrx_word' id='word_1_398' title='bbox 321 2821 1557 2985; x_wconf 95' lang='lat' dir='ltr'><strong>  </strong></span> 
     </span>
     <span class='ocr_line' id='line_1_56' title="bbox 320 2985 3229 3310; baseline 0 -87"><span class='ocrx_word' id='word_1_399' title='bbox 320 2985 352 3310; x_wconf 95' lang='lat' dir='ltr'><strong>   </strong></span> <span class='ocrx_word' id='word_1_400' title='bbox 3203 2985 3229 3310; x_wconf 95' lang='lat' dir='ltr'><strong>   </strong></span> 
     </span>
     <span class='ocr_line' id='line_1_57' title="bbox 320 3310 3227 3542; baseline 0 0"><span class='ocrx_word' id='word_1_401' title='bbox 320 3310 348 3542; x_wconf 95' lang='lat' dir='ltr'><strong>  </strong></span> <span class='ocrx_word' id='word_1_402' title='bbox 3200 3310 3227 3542; x_wconf 95' lang='lat' dir='ltr'><strong>  </strong></span> 
     </span>
     <span class='ocr_line' id='line_1_58' title="bbox 320 3542 3225 3817; baseline 0 -88"><span class='ocrx_word' id='word_1_403' title='bbox 320 3542 348 3817; x_wconf 95' lang='lat' dir='ltr'><strong>   </strong></span> <span class='ocrx_word' id='word_1_404' title='bbox 3199 3542 3225 3817; x_wconf 95' lang='lat' dir='ltr'><strong>   </strong></span> 
     </span>
     <span class='ocr_line' id='line_1_59' title="bbox 320 3817 3224 3998; baseline 0 0"><span class='ocrx_word' id='word_1_405' title='bbox 320 3817 348 3998; x_wconf 95' lang='lat' dir='ltr'><strong>  </strong></span> <span class='ocrx_word' id='word_1_406' title='bbox 3198 3817 3224 3998; x_wconf 95' lang='lat' dir='ltr'><strong>  </strong></span> 
     </span>
     <span class='ocr_line' id='line_1_60' title="bbox 321 3998 3224 4094; baseline 0 0"><span class='ocrx_word' id='word_1_407' title='bbox 321 3998 350 4094; x_wconf 95' lang='lat' dir='ltr'><strong> </strong></span> <span class='ocrx_word' id='word_1_408' title='bbox 3198 3998 3224 4094; x_wconf 95' lang='lat' dir='ltr'><strong> </strong></span> 
     </span>
     <span class='ocr_line' id='line_1_61' title="bbox 322 4094 3223 4509; baseline 0 -322"><span class='ocrx_word' id='word_1_409' title='bbox 322 4094 3223 4509; x_wconf 95' lang='lat' dir='ltr'><strong>         </strong></span> 
     </span>
    </p>
   </div>
  </div>
 </body>
</html>
