3882 5037
819 471 968 546 278
1583 468 2357 547 flppaenuu.—oeonttnmta1
2384 471 2759 538 nannents.
3284 475 3467 549 [Pam-
3491 478 3541 533 Ι.

901 693 980 730 xl.
1025 675 1370 737 Prandium,
1399 674 1554 746 quod
1590 692 1658 730 ex
1698 671 1988 730 communi
2029 674 2288 750 symbolo
2324 673 2623 750 parabitur
2662 672 2719 731 in
2749 673 2918 732 domo
2943 671 3133 733 uetant
3160 686 3261 733 aut
3289 675 3544 752 pastoris,

822 766 973 841 apud
1013 784 1186 841 quem
1225 784 1293 822 eo
1332 783 1482 822 anno
1522 764 2023 842 congregationem
2065 764 2292 823 institui
2332 764 2650 842 contigerit,
2678 784 2898 841 semper
2906 764 3157 843 fruyale
3184 767 3257 823 sit
3278 770 3333 823 et
3359 769 3544 825 mode-

822 862 1036 922 ratum,
1064 877 1134 914 ne
1171 854 1301 932 quis
1342 855 1664 932 sumptibus
1692 858 1784 915 vel
1820 866 1961 932 potu
1994 867 2284 934 gravetur,
2309 857 2464 932 quod
2492 857 2728 915 omnino
2757 857 2948 915 caveri
2978 858 3282 926 volumus;
3322 857 3386 916 in
3413 877 3546 917 eum

824 948 996 1003 finem
1038 949 1385 1015 mandantes,
1412 968 1484 1006 ne
1526 948 1801 1024 cujusque
1842 949 2066 1024 prandii
2108 960 2240 1007 taxa
2279 958 2381 1006 aut
2421 949 2769 1008 contributio
2806 949 3041 1009 excedat
3065 960 3311 1025 quatuor
3335 951 3549 1009 solidos

823 1037 1164 1107 cambiales;
1217 1058 1460 1114 quorum
1503 1039 1697 1097 habita
1738 1039 2121 1116 proportione,
2162 1042 2405 1103 bttamtss
2445 1042 2618 1099 semel
2658 1060 2766 1117 pro
2820 1061 3053 1118 semper,
3093 1041 3209 1100 cibi
3267 1045 3550 1120 potusque

824 1130 1199 1204 quantitatem
1236 1140 1373 1187 tunc
1400 1132 1794 1208 apponendam
1827 1131 2243 1199 determinabit,
2269 1142 2324 1190 et
2353 1132 2428 1191 ab
2456 1151 2827 1207 unoquoque,
2859 1134 3013 1208 apud
3038 1153 3211 1207 quem
3242 1135 3549 1211 prandium

825 1220 1049 1278 institui
1086 1221 1360 1289 debuerit,
1389 1218 1583 1280 exacte⁷
1625 1233 1681 1281 et
1713 1224 1822 1283 sub
1862 1225 2078 1282 mulcta
2119 1223 2409 1284 observari
2450 1223 2651 1294 faciet3
2693 1224 3094 1302 impedietque,
3121 1245 3196 1284 ne
3221 1227 3376 1284 ultra
3403 1227 3549 1285 duas

826 1314 994 1372 horas
1028 1312 1255 1372 refectio
1284 1316 1661 1390 protrahatur.

911 1405 988 1462 Et
1018 1416 1084 1462 ut
1114 1405 1310 1463 omnia
1341 1405 1541 1480 majori
1576 1426 1710 1464 cum
1742 1406 2115 1465 *edificatione
2152 1405 2244 1464 hic
2273 1406 2452 1475 fiant;
2490 1409 2731 1472 betanus
2759 1407 2879 1486 ipse
2905 1408 3054 1467 dicet
3080 1406 3142 1465 in
3173 1412 3368 1467 mensa
3394 1409 3552 1466 bene-

826 1495 1146 1564 dictionem,
1173 1508 1229 1556 et
1254 1498 1587 1576 gratiarum
1622 1500 1924 1564 actionem,
1956 1498 2243 1573 sequendo
2272 1498 2450 1556 ritum
2484 1500 2706 1558 clericis
2740 1500 2801 1558 in
2828 1501 3114 1560 breviario
3143 1500 3553 1578 praescriptum.

829 1586 981 1645 Ante
1008 1588 1425 1654 comestionem,
1446 1588 1644 1663 junior
1680 1601 1972 1666 pastorum
2005 1586 2228 1647 tractim
2262 1601 2318 1648 et
2352 1587 2552 1649 devote
2581 1594 2849 1668 praeleget
2875 1612 3054 1651 unum
3084 1604 3276 1667 caput,
3306 1594 3401 1651 vel
3428 1594 3556 1668 ejus

829 1679 1152 1748 dimidium,
1180 1700 1250 1737 ex
1286 1681 1447 1737 Novo
1479 1681 1847 1746 Testamenta,
1876 1680 2046 1754 cujus
2073 1682 2375 1740 lectionem
2404 1683 2734 1741 terminabit
2761 1683 2848 1741 his
2875 1683 3064 1742 verbis
3090 1684 3385 1762 Apostoli:
3428 1687 3554 1743 Sive

830 1771 1208 1838 manducatis,
1249 1774 1357 1830 sive
1397 1772 1589 1838 bibitis,
1630 1774 1740 1829 sive
1781 1774 1945 1831 aliud
1982 1774 2117 1848 quid
2140 1770 2364 1851 facitis,
2397 1776 2595 1831 omnia
2635 1776 2700 1832 in
2733 1776 2987 1854 qloriam
3016 1776 3123 1833 Dei
3131 1773 3334 1854 facite.
3415 1777 3556 1835 Post

830 1862 1229 1921 comestionem
1258 1883 1408 1930 vero,
1436 1862 1588 1919 idem
1628 1865 1897 1939 praeleget
1938 1874 2111 1941 caput
2151 1885 2224 1923 ex
2261 1865 2461 1924 libello
2492 1867 2558 1923 de
2593 1867 2910 1924 imitatione
2944 1869 3150 1926 Clari-eti
3167 1890 3183 1923 .-
3223 1890 3291 1928 ac
3321 1866 3554 1929 tandem

832 1954 1025 2011 omnia
1064 1955 1359 2015 concludet
1398 1957 1656 2022 betanus,
1684 1955 1973 2015 recitando
2001 1956 2210 2014 Psalm.
2237 1958 2322 2014 De
2358 1957 2684 2036 profundis,
2712 1977 2818 2035 pro
2855 1960 3176 2036 pastoribus
3211 1972 3268 2019 et
3299 1964 3555 2021 sacerdo-

832 2044 989 2103 tibus
1031 2046 1385 2113 dioecesanis,
1414 2047 1518 2123 qui
1557 2047 1619 2106 in
1659 2048 1906 2105 decursu
1943 2048 2080 2106 anni
2110 2068 2179 2105 ex
2205 2049 2312 2107 hac
2339 2049 2460 2107 vita
2488 2049 2823 2127 migrarunt.
2904 2050 3018 2108 Hic
3046 2051 3212 2110 nobis
3240 2049 3558 2130 opportune

832 2137 1078 2196 occurrit
1112 2140 1312 2198 Canon
1344 2145 1396 2199 7.
1426 2140 1676 2200 Concilii
1705 2141 1870 2198 Tolet.
1901 2159 2022 2199 111.=
2064 2146 2098 2170 “
2115 2140 2233 2200 Pro
2275 2142 2587 2200 reverentia
2627 2144 2740 2201 Dei
2780 2142 3151 2210 sacerdotum,
3191 2144 3250 2201 id
3290 2145 3561 2204 universa

831 2239 1022 2289 sancta
1061 2232 1358 2290 constituit
1399 2233 1680 2310 synodus;
1720 2243 1787 2291 ut
1823 2232 1964 2308 quia
2002 2235 2186 2292 solent
2224 2229 2422 2293 crebrb
2454 2233 2666 2292 mensis
2701 2235 2894 2293 otiosae
2930 2235 3139 2294 fabulae
3161 2234 3465 2314 interponi,
3498 2239 3560 2295 in

833 2321 987 2381 omni
1014 2325 1348 2383 sacerdotali
1376 2324 1640 2383 convivio
1666 2324 1836 2383 lectio
1863 2325 2288 2401 Scripturarum
2317 2326 2662 2386 Divinarum
2693 2326 3027 2385 misceaturz
3068 2347 3172 2404 per
3191 2329 3296 2387 hoc
3318 2329 3474 2387 enim
3504 2340 3561 2388 et

837 2414 1042 2472 animae
1069 2417 1422 2476 aedificantur
1448 2418 1508 2474 in
1538 2418 1771 2485 bonum,
1801 2428 1858 2475 et
1880 2418 2099 2476 fabulae
2125 2438 2242 2477 non
2268 2420 2597 2478 necessariae
2623 2419 3053 2495 prohibentur.'’

917 2509 1130 2567 Omnes
1157 2511 1425 2578 extranei,
1454 2509 1628 2568 etiam
1666 2509 2031 2569 ecclesiastici
2059 2523 2161 2569 aut
2187 2512 2446 2588 religiosi
2474 2512 2889 2588 cujuscumque
2916 2512 3208 2589 qualitatis
3232 2525 3335 2573 aut
3362 2515 3560 2574 condi-

837 2597 1023 2666 tionis,
1065 2613 1268 2675 praeter
1310 2622 1422 2670 eos,
1465 2602 1569 2677 qui
1612 2622 1649 2659 a
1691 2603 1854 2661 nobis
1898 2603 1970 2660 ad
2016 2604 2344 2679 hujusmodi
2387 2605 2891 2682 congregationem
2946 2607 3099 2665 mitti
3148 2618 3249 2665 aut
3296 2607 3561 2686 deputari

837 2702 1082 2764 possent,
1110 2693 1182 2750 ab
1208 2694 1360 2753 hisce
1386 2693 1663 2752 conviviis
1693 2689 1918 2770 prorsus
1946 2697 2359 2765 excludantur3
2402 2708 2469 2754 ut
2494 2697 2572 2754 sic
2601 2698 2802 2771 majori
2830 2717 2963 2755 cum
2991 2699 3183 2757 fructu
3210 2711 3268 2757 et
3292 2700 3559 2759 libertate

836 2779 1005 2839 liceat
1033 2783 1351 2857 pastoribus
1377 2784 1449 2842 de
1478 2784 1650 2842 rebus
1676 2786 1925 2844 ecclesiae
1952 2798 2010 2844 et
2037 2787 2340 2845 ministerii
2368 2790 2458 2847 sui
2484 2789 2633 2848 inter
2657 2809 2718 2847 se
2745 2809 2915 2866 agere
2941 2800 2998 2848 et
3024 2792 3295 2850 conferre.

919 2871 1013 2930 Ad
1069 2873 1349 2932 dictorum
1400 2875 1772 2952 prandiorum
1824 2891 2102 2954 sumptus,
2147 2890 2396 2956 pastores
2448 2881 2707 2940 absentes
2761 2882 2931 2940 etiam
2981 2877 3238 2958 legitime.
3285 2882 3562 2958 impediti,

839 2963 1073 3037 perinde
1112 2984 1176 3021 ac
1210 2978 1510 3042 praesentes
1545 2963 1842 3042 aequaliter
1875 2970 2230 3029 contribuere
2258 2981 2594 3042 teneantur3
2633 2974 2773 3032 dum
2800 2969 3187 3040 nihilominus,
3214 2973 3482 3033 omnibus
3508 2985 3565 3031 et

838 3053 1085 3130 singulis
1123 3058 1445 3134 pastoribus
1482 3060 1760 3134 cujusque
1787 3060 2116 3119 districtus
2101 3064 2480 3139 injungimus,
2506 3077 2572 3123 ut
2601 3065 2845 3141 praefatis
2872 3066 3406 3142 congregationibus
3433 3085 3561 3142 per-

838 3149 1105 3207 sonaliter
1158 3149 1420 3208 intersint
1474 3152 1585 3211 sub
1640 3153 1856 3211 mulcta
1900 3173 1995 3212 sca*
2039 3154 2419 3214 Florcnorum
2463 3158 2810 3235 pauperibus
2855 3157 3176 3235 erog-and&
3228 3158 3342 3216 nisi
3395 3158 3564 3233 gravi

830 3239 1102 3315 justoque
1142 3241 1501 3302 detineantur
1540 3244 1965 3323 impedimento,
2007 3247 2077 3304 de
2118 3267 2237 3322 quo
2275 3248 2500 3325 scripto,
2542 3261 2646 3307 aut
2686 3250 2908 3316 nuntiO,
2949 3251 3150 3309 betauo
3204 3270 3310 3308 suo
3347 3261 3561 3308 certam

841 3331 1009 3389 fidem
1037 3333 1285 3392 fecerint.
2130 3413 2138 3420 ἱ

919 3443 1018 3481 x11.
1059 3426 1205 3492 Quae
1257 3425 1349 3484 hic
1403 3427 1597 3503 quoad
1648 3429 1872 3504 prandii
1929 3430 2372 3508 dispositionem,
2412 3443 2704 3509 pastorum
2745 3432 3112 3509 praesentiam,
3153 3435 3562 3493 conferentiam

838 3515 987 3573 inter
1026 3537 1086 3575 se
1129 3518 1463 3586 habendam,
1491 3521 1737 3595 aliaque,
1760 3541 1892 3596 quae
1934 3523 1996 3580 in
2037 3524 2582 3600 congregationibus
2622 3526 2869 3603 praefatis
2911 3538 3026 3583 tam
3059 3546 3094 3583 a
3118 3522 3358 3591 betunia,
3387 3544 3562 3599 quam

840 3610 1162 3683 pastoribus
1217 3612 1501 3670 observari
1556 3613 1936 3688 injungimuS,
1981 3634 2051 3673 ea
2102 3635 2237 3673 cum
2292 3618 2655 3693 proportione
2706 3617 3086 3677 observabunt
3127 3638 3378 3694 quoque,
3421 3616 3561 3673 dum

838 3702 1143 3774 quotannis
1185 3704 1524 3762 convenient
1569 3705 1643 3762 ad
1686 3704 1789 3762 SS.
1817 3706 2086 3764 Olcorum
2128 3707 2573 3766 distributionem
2591 3730 2607 3763 .·
2661 3730 2833 3784 quam
2876 3711 3271 3768 caeremoniam
3312 3704 3560 3766 maxime

840 3806 1103 3870 optamus
1130 3795 1299 3854 etiam
1340 3797 1403 3854 in
1442 3796 1672 3855 dioecesi
1713 3802 1904 3857 nostra
1944 3801 2422 3875 quemadmodum
2461 3803 2522 3860 in
2551 3803 2722 3862 variis
2761 3803 2893 3861 aliis
2931 3802 3161 3877 injungi
3189 3814 3247 3859 et
3272 3797 3563 3858 observari

842 3902 958 3941 non
985 3884 1336 3961 ignoramus,
1361 3889 1486 3946 fieri
1514 3888 1577 3946 in
1607 3892 1728 3947 una
1757 3903 1861 3948 aut
1890 3891 2006 3949 alia
2034 3893 2271 3952 ecclesia
2301 3895 2635 3971 parochiali,
2672 3906 2730 3954 et
2758 3916 2891 3953 cum
2925 3896 3225 3952 missarum
3253 3889 3561 3956 solemniis,
3591 3914 3598 3921 ·

844 3991 947 4048 per
986 3978 1265 4045 Dctauum,
1306 3991 1409 4037 aut
1450 3979 1703 4056 aliquem
1750 4002 1818 4042 ex
1863 3984 2185 4060 pastoribus
2226 3986 2623 4056 decantandis;
2662 3992 2840 4064 eaque
2884 3987 3144 4047 decentia
3183 3995 3239 4043 et
3278 3993 3560 4059 apparatu

842 4068 1035 4141 quoad
1075 4081 1290 4138 caetera,
1330 4081 1397 4129 ut
1436 4071 1685 4131 debitam
1727 4076 2103 4133 reverentiam
2142 4096 2281 4153 erga
2321 4076 2427 4136 SS.
2457 4080 2614 4148 Olea,
2640 4079 2873 4157 ipsaque
2912 4089 3281 4144 sacramenta,
3317 4075 3390 4132 ad
3431 4092 3559 4150 quae

844 4159 1199 4228 ordinantur,
1229 4176 1346 4221 tam
1375 4167 1546 4232 clero,
1571 4186 1747 4241 quam
1787 4169 2004 4244 populo
2045 4170 2346 4230 conciliare
2373 4172 2622 4248 possint=
2665 4194 2795 4249 quae
2822 4172 3032 4239 omnia,
3073 4191 3168 4237 an,
3194 4181 3250 4228 et
3275 4167 3559 4243 quomodo

843 4252 1161 4311 executioni
1207 4257 1466 4314 mandari
1514 4260 1758 4326 valeant,
1808 4260 2168 4336 requirimus,
2227 4273 2293 4319 ut
2341 4263 2404 4320 in
2458 4265 2716 4342 proxima
2769 4263 3211 4340 congregatione
3262 4255 3450 4321 baetaut
3503 4271 3560 4315 et

847 4352 1091 4416 pastores
1119 4365 1222 4422 pro
1249 4347 1375 4405 zelo
1402 4367 1509 4405 suo
1536 4350 1877 4417 examinent,
1903 4362 1960 4409 et
1983 4352 2057 4408 ad
2085 4372 2187 4410 nos
2215 4354 2475 4413 referant.
