3882 5037
343 471 493 526 Sm,
520 468 655 542 ιχ]
1189 457 1762 533 franca—motta
1792 459 1988 529 0151.
2009 459 2216 526 abiner.
2908 478 3059 547 249

415 690 489 727 11.
532 669 620 726 Ut
644 662 780 726 vero
808 666 1013 742 majori
1041 686 1171 723 cum
1199 666 1464 724 libertate
1492 665 1563 722 de
1594 659 1773 739 supra.
1798 664 1967 723 dictis
2000 664 2149 724 inter
2189 686 2247 723 se
2287 679 2479 743 agant,
2508 683 2811 730 arceantur
2850 668 2888 731 a
2927 695 3060 733 con-

339 761 725 819 vocationibus
751 760 883 817 istis
912 778 1106 816 omnes
1145 758 1379 816 externi.
1464 757 1780 815 Prandium
1818 777 1936 816 non
1977 760 2289 817 celebretur
2325 760 2438 817 nisi
2478 761 2700 839 frug-ale
2736 762 3057 835 admodum,

338 866 708 927 caveaturque
736 846 992 916 omnino,
1020 853 1241 921 (Bttano
1271 849 1508 926 praeside
1535 869 1731 907 curam
1758 855 1987 927 agente)
2018 871 2090 909 ne
2125 871 2255 926 quae
2295 852 2761 928 intemperantiae,
2800 858 3060 928 lasciviae,

339 944 471 1002 rixae
497 956 602 1001 aut
629 944 893 1001 scandala
917 942 1360 1000 committantur.
1441 940 1504 998 Si
1532 940 1662 1015 quis
1690 938 2097 1001 tumultuosius
2124 944 2321 1021 egerit,
2358 956 2456 1002 aut
2486 947 2703 1005 monita
2737 950 3060 1011 hunnorum

339 1036 754 1113 contempserit,
780 1036 853 1093 ad
881 1056 986 1093 nos
1013 1034 1312 1101 deferatur,
1339 1027 1614 1109 quoniam
1651 1032 1712 1092 in
1749 1030 1985 1110 perinde
2025 1035 2387 1105 aestimamus,
2431 1049 2601 1114 atque
2638 1039 2687 1097 si
2729 1042 2893 1100 nobis
2921 1043 3062 1119 ipsis

337 1127 544 1185 factum
573 1138 736 1186 oeset.

413 1241 464 1278 x.
507 1218 869 1279 arcanorum
894 1219 1086 1277 adhaec
1127 1217 1375 1277 officium
1417 1228 1520 1285 est,
1563 1237 1738 1276 novas
1780 1238 2082 1295 campanas
2119 1220 2478 1279 benedicere:
2524 1225 2642 1297 qua
2677 1222 2740 1280 in
2776 1223 3063 1284 functione

338 1324 566 1370 caveant
597 1312 851 1388 patrinos
877 1321 979 1368 aut
1021 1310 1287 1368 matrinas
1318 1310 1422 1385 qui
1461 1310 1696 1367 nomina
1731 1312 2023 1387 campanis
2065 1312 2362 1388 imponant
2401 1313 2662 1380 invitare,
2690 1326 2790 1372 aut
2830 1318 3065 1392 permit-

340 1414 467 1471 tere,
495 1404 599 1461 sed
638 1404 698 1461 id
725 1397 947 1461 tantiim
987 1402 1195 1460 faciant
1220 1403 1375 1478 quod
1416 1401 1479 1459 in
1528 1403 1781 1460 manuali
1823 1402 2221 1479 praescribitur.
2304 1405 2574 1479 Ipsorum
2610 1405 2779 1464 etiam
2814 1411 3064 1468 officium

339 1506 416 1551 est
442 1496 854 1553 beneficiorum
882 1493 1141 1552 omnium
1168 1494 1259 1552 sui
1294 1489 1592 1557 Dttanattis
1634 1514 1828 1551 curam
1861 1495 2097 1552 habere:
2137 1515 2235 1553 eos
2275 1497 2485 1571 quibus
2513 1497 2582 1554 de
2610 1502 2748 1556 cura
2776 1503 3062 1574 pastorali,

341 1587 425 1644 vel
451 1588 569 1645 alio
601 1586 874 1645 beneficio
902 1585 1274 1643 ecclesiastico
1304 1585 1595 1661 provisum
1626 1585 1815 1651 fuerit,
1845 1585 1983 1643 visis
2021 1586 2224 1645 litteris
2252 1588 2570 1646 collationis
2596 1589 2755 1647 nulla
2785 1591 2875 1648 sui
2905 1606 3063 1667 parte

341 1679 541 1746 dubiis,
573 1679 638 1736 in
669 1678 1082 1755 possessionem
1123 1677 1409 1743 inducere,
1455 1675 1723 1733 adhibitis
1759 1678 2210 1736 solemnitatibus
2254 1680 2553 1754 requisitis,
2582 1692 2886 1757 exactoque
2907 1684 3059 1758 jure·

336 1770 579 1843 jurando
605 1780 876 1828 consueto
892 1792 909 1826 ε
950 1764 1106 1845 quod
1133 1789 1206 1826 ne
1248 1763 1287 1825 a
1326 1788 1618 1845 quoquam
1646 1768 1761 1826 alio
1806 1770 1922 1835 fiat,
1952 1781 2225 1839 vetamus,
2264 1771 2369 1829 etsi
2408 1772 2612 1830 litterae
2653 1773 2725 1831 ad
2752 1776 3063 1850 quemlibet

344 1863 733 1938 praesbiterum
760 1862 1156 1938 dirigerentur.

414 1973 495 2012 xx.
523 1955 766 2012 Mortuo
794 1950 825 2011 ὲ
854 1954 1179 2028 pastoribus
1204 1948 1499 2015 betausius
1528 1951 1619 2010 sui
1641 1953 1856 2028 aliquo,
1884 1950 2072 2013 betanl
2110 1974 2306 2012 rursus
2340 1965 2441 2022 est,
2470 1958 2736 2032 exequias
2764 1961 3061 2028 celebrare,

344 2053 394 2098 et
418 2038 551 2101 mox
576 2037 618 2100 ὲ
639 2055 823 2101 morte
849 2046 1203 2103 conscribere
1229 2046 1426 2103 omnia
1450 2055 1506 2103 et
1534 2045 1765 2122 singula
1803 2045 2160 2103 munimenta
2192 2046 2473 2122 portionis
2511 2051 2824 2125 pastoralis,
2852 2063 2908 2109 et
2935 2073 3063 2128 quoe

345 2135 586 2193 officium
631 2136 911 2211 pastorale
954 2149 1336 2195 concernunt:
1379 2138 1650 2213 (exempli
1686 2136 1871 2213 gratia
1917 2138 2156 2215 registra
2198 2139 2634 2214 baptizatorum,
2681 2145 3062 2203 commuican·

345 2225 498 2293 tium,
543 2225 910 2285 matrimonio
951 2229 1299 2302 junctorum,
1346 2229 1625 2287 sodalium
1679 2229 1870 2286 Beatae
1902 2229 2181 2306 Virginis,
2209 2231 2334 2301 ἃς.)
2362 2241 2419 2287 et
2462 2233 2568 2289 sub
2612 2233 2946 2302 inventari0,
2991 2257 3064 2294 ne

343 2316 411 2372 ab
447 2318 770 2376 haeredibus
809 2319 1209 2388 distrahantur,
1239 2322 1341 2379 illa
1380 2322 1535 2397 apud
1562 2341 1621 2378 se
1665 2340 1966 2388 asservare,
2010 2323 2334 2390 successori,
2363 2318 2498 2380 diim
2535 2324 2830 2383 institutus
2870 2327 3063 2393 fuerit,

347 2410 448 2467 sub
479 2410 839 2468 attestatione
868 2412 938 2468 de
966 2412 1220 2488 receptis,
1262 2413 1560 2471 tradenda:
1601 2412 1710 2469 nisi
1741 2412 2019 2486 ejusmodi
2055 2413 2188 2480 sint,
2231 2433 2360 2489 quae
2401 2413 2462 2471 in
2504 2414 2821 2472 archivium
2865 2417 3061 2475 referri

345 2499 594 2559 debeant.
706 2501 1040 2562 Describere
1089 2504 1281 2564 adhaec
1332 2503 1526 2564 omnia
1573 2503 1809 2562 mobilia
1854 2505 2126 2573 defuncti,
2175 2517 2233 2564 et
2284 2500 2498 2564 tamdiu
2547 2507 2654 2564 sub
2698 2517 2912 2567 arresto
2962 2508 3058 2568 illa

347 2601 547 2660 tenere,
592 2590 771 2653 donec
813 2607 1075 2672 reparata
1117 2592 1301 2654 debite
1340 2598 1544 2655 domus
1588 2597 1900 2671 pastoralis,
1927 2609 1985 2654 et
2028 2609 2335 2674 proventus
2378 2618 2528 2656 curae
2571 2598 2943 2675 aliorumque,
2989 2601 3063 2673 (si

346 2702 468 2756 quae
510 2686 814 2744 defunctus
859 2688 1143 2759 habuerit)
1187 2689 1589 2748 beneficiorum
1636 2689 1761 2764 (qui
1804 2684 1843 2745 ὲ
1884 2689 1977 2746 die
2023 2691 2220 2748 mortis
2266 2691 2448 2767 ipsius
2493 2692 2800 2750 successori
2836 2713 3064 2752 currere

348 2775 569 2849 debent)
593 2779 643 2836 si
664 2799 810 2855 quos
839 2779 1029 2837 forsan
1051 2781 1347 2856 acceperit,
1373 2781 1618 2839 restituti
1643 2780 1889 2837 fuerint:
1930 2781 2175 2858 denique
2197 2802 2365 2842 omne
2385 2805 2460 2842 aes
2482 2785 2735 2842 alienum
2762 2786 3061 2854 redditum,

347 2879 439 2924 aut
466 2870 598 2927 data
640 2889 744 2946 pro
788 2870 876 2927 his
917 2871 1197 2929 sufficiens
1224 2873 1429 2931 cautio.
1511 2873 1626 2930 Pro
1671 2872 1757 2929 his
1803 2884 1995 2930 autem
2036 2874 2276 2951 aliisque
2317 2876 2608 2935 laboribus
2652 2878 2771 2936 suis
2812 2879 3063 2957 accipere

349 2972 610 3033 poterunt
654 2962 809 3038 quod
854 2981 925 3019 ex
976 2962 1251 3022 laudabili
1299 2964 1708 3022 consuetudine
1758 2976 2189 3023 consueverunt.
2272 2962 2452 3024 Porro
2499 2979 2723 3026 mortuo
2770 2964 2802 3026 ὲ
2841 2969 3062 3034 uetanis

349 3049 626 3117 tatalibus
656 3056 867 3130 aliquo,
897 3054 1048 3111 idem
1077 3055 1244 3113 faciet
1270 3052 1706 3131 archipresbyt&
1732 3055 2096 3123 civitatensis,
2124 3057 2226 3132 qui
2252 3078 2449 3116 eorum
2478 3069 2668 3136 pastor
2695 3070 2794 3117 est.

424 3165 523 3203 ιιι.
567 3146 847 3204 Volumus
874 3157 1066 3203 autem
1108 3157 1177 3203 ut
1222 3142 1402 3222 (quod
1439 3148 1501 3205 in
1544 3148 1648 3205 hac
1675 3147 1902 3205 dioecesi
1930 3149 2109 3225 longa
2149 3150 2557 3208 consuetudine
2603 3150 2870 3222 invaluit)
2915 3153 3064 3210 inter

350 3235 674 3296 defunctum
720 3250 1002 3313 pastorem
1048 3248 1104 3295 et
1145 3258 1521 3297 successorem
1565 3250 1875 3314 proventus
1903 3243 2043 3297 certi
2083 3242 2165 3298 ita
2199 3240 2540 3308 dividantur,
2568 3252 2633 3298 ut
2663 3244 2961 3301 defunctus
2992 3246 3061 3302 de

351 3326 417 3383 iis
444 3329 743 3406 participet
771 3348 875 3405 pro
918 3340 1040 3387 rata
1078 3331 1352 3405 temporis
1389 3350 1508 3405 quo
1551 3331 1880 3406 supervixit,
1922 3333 2307 3408 computando
2347 3327 2386 3389 ὲ
2426 3332 2568 3390 festo
2596 3333 2789 3391 Sancti
2817 3334 2857 3389 J
2861 3336 3061 3392 oannis

351 3417 612 3494 Baptistae
653 3420 831 3479 unius
873 3421 1028 3488 anni,
1056 3421 1128 3479 ad
1172 3421 1357 3479 simile
1397 3421 1605 3479 festum
1647 3422 1882 3480 alterius
1922 3424 2090 3481 anni:
2150 3419 2234 3481 ita
2273 3434 2339 3481 ut
2379 3424 2481 3499 qui
2520 3424 2678 3482 verbi
2719 3424 2905 3500 gratia
2933 3435 3062 3500 post

350 3509 542 3569 festum
570 3513 716 3570 illud
745 3511 1122 3587 supervixerit
1151 3513 1334 3570 tribus
1362 3512 1666 3580 mensibus,
1696 3515 1995 3591 participet
2024 3534 2128 3591 pro
2169 3526 2289 3573 rata
2330 3515 2505 3573 trium
2531 3514 2842 3572 mensium:
2886 3515 3061 3572 idem·

351 3621 455 3676 que
480 3615 734 3662 servetur
754 3603 816 3661 in
841 3604 1128 3661 beneficiis
1148 3603 1409 3672 foraneis,
1430 3604 1542 3663 nisi
1570 3608 1745 3682 longa
1761 3607 2171 3665 consuetudine
2192 3608 2357 3665 aliter
2386 3606 2752 3683 practicatum
2774 3608 3059 3683 probetur.

428 3715 549 3753 xm.
588 3695 891 3753 Cui-abunt
917 3695 1087 3753 etiam
1114 3694 1302 3756 uttan(
1330 3698 1729 3756 defunctorum
1769 3698 1985 3757 litteras
2015 3718 2212 3757 omnes
2239 3700 2523 3767 ordinum,
2561 3709 2617 3756 et
2654 3699 3061 3758 beneficiorum
3110 3765 3113 3768 ,

353 3785 420 3840 ad
464 3805 566 3844 nos
612 3786 855 3851 mittere,
903 3787 1148 3863 denique
1201 3808 1574 3864 quaecumque
1629 3790 2037 3848 beneficiorum
2092 3792 2211 3849 sive
2258 3803 2604 3857 curatorum,
2654 3791 2772 3849 sive
2817 3791 3061 3850 aliorum

355 3878 712 3945 munimenta,
741 3878 959 3936 litteras
985 3879 1292 3947 redituum,
1323 3880 1578 3957 registra,
1611 3883 1899 3940 manualia
1933 3882 1998 3940 in
2023 3884 2233 3958 quibus
2275 3895 2628 3960 receptorum
2657 3883 2901 3942 rationes
2928 3905 3059 3943 con-

354 3968 686 4037 scribuntur,
727 3989 857 4045 qnae
901 3969 963 4028 in
1004 3971 1268 4029 domibus
1312 3974 1638 4031 mortuariis
1679 3974 2060 4042 invenientur,
2102 3976 2220 4034 sive
2258 3976 2414 4051 apud
2454 3976 2717 4043 haeredes,
2746 3976 2864 4033 sive
2903 3977 3058 4052 apud

357 4063 660 4120 testamenti
713 4072 1057 4130 executores,
1104 4084 1172 4121 ea
1223 4065 1417 4123 omnia
1462 4066 1668 4133 levent,
1714 4062 1954 4125 fideliter
2009 4078 2250 4133 servent,
2299 4078 2356 4125 et
2409 4067 2573 4125 nobis
2627 4067 2917 4134 consultis
2968 4069 3060 4125 vel

357 4154 648 4212 successori
676 4153 918 4220 tradant,
945 4156 1036 4213 vel
1077 4155 1136 4214 in
1170 4160 1322 4213 certa
1349 4158 1623 4223 custodia,
1650 4157 1737 4215 uti
1781 4158 2225 4233 praescribemus,
2252 4170 2543 4235 reponant.
2626 4158 2889 4233 Idipsum
2916 4178 3058 4235 prae·

356 4244 573 4303 stabunt
596 4240 1069 4321 quandocumque
1096 4248 1345 4323 aliquem
1375 4250 1771 4307 beneficiatum
1801 4249 1863 4307 in
1890 4249 2152 4308 districtu
2179 4271 2283 4308 suo
2313 4251 2459 4309 mori
2486 4250 2803 4325 contigerit.

433 4353 539 4392 xxv.
580 4337 832 4413 Accepta
856 4331 894 4393 ὲ
919 4338 1084 4396 nobis
1112 4340 1174 4397 in
1199 4340 1291 4397 die
1320 4340 1510 4398 Coenae
1539 4340 1775 4398 Domini
1804 4341 2050 4398 chrisma
2069 4352 2126 4399 et
2155 4341 2373 4418 reliqua
2399 4339 2839 4406 sacramentalia,
2866 4336 3054 4399 uetanti
