3882 5037
1128 471 1871 546 Nttbttlanbs.—sstottst
1899 473 1960 536 of
1986 472 2205 543 ffibeut.

1163 794 1378 853 SECT.
1409 787 1852 856 III.—Btotoest
1879 791 1940 852 of
1964 789 2184 862 ωιτη.

621 926 998 983 Oanmfflcm
1022 942 1132 981 roa
1159 920 1634 999 flttbpresbmttss
1661 919 1857 982 istum!
1882 940 1955 980 οε·
1982 942 2098 981 'mn
2127 923 2378 981 Dloonss
2404 941 2474 980 01·-
2501 922 2736 990 Gnnnr,

1196 1018 1288 1074 ΒΥ
1315 1018 1536 1074 ΒιεΗοΡ
1558 1015 1797 1082 'hunsn
1824 1014 1973 1073 A.D.
1994 1034 2165 1074 unca.

419 1152 452 1190 1.
488 1126 964 1206 ssttblpmbmett
1004 1129 1272 1187 ecclesias
1311 1127 1611 1191 bnauatt'm
1652 1128 1746 1187 sui
1790 1123 2054 1204 quotanis
2101 1128 2252 1186 circa
2296 1128 2518 1187 Pascha
2562 1139 2620 1186 et
2664 1128 3040 1187 Pentecosten

349 1219 475 1282 serio
516 1224 828 1283 visitabunt
862 1223 1033 1295 juxta
1077 1222 1509 1280 instructionem
1558 1240 1737 1287 suam,
1781 1230 2052 1296 tempore,
2092 1219 2247 1296 quod
2298 1220 2614 1279 visitationi
2655 1221 3041 1287 destinabunt,

352 1316 644 1391 pastoribus
676 1308 1011 1389 tempestive
1043 1313 1499 1390 praesignificata
1583 1311 1665 1369 Et
1691 1330 1765 1370 ne
1793 1313 2088 1371 occasione
2114 1312 2510 1371 visitationum
2545 1313 3041 1371 commessationes

350 1408 471 1464 nllae
507 1408 659 1474 fiant,
694 1400 845 1462 serio
887 1406 1185 1463 cavebunt.
1266 1404 1413 1461 Acta
1452 1422 1681 1478 quoque
1724 1423 1960 1461 suarum
1998 1404 2394 1462 visitationum
2436 1399 2618 1461 nitide
2660 1405 2943 1482 descripta
2988 1418 3046 1463 et

353 1494 385 1555 ὲ
405 1520 457 1557 se
480 1498 828 1573 subsignata,
854 1490 1159 1570 quotannis
1184 1507 1315 1553 ante
1344 1494 1634 1553 Kalendas
1661 1494 1702 1551 J
1705 1495 1835 1553 unii
1860 1495 1934 1553 ad
1962 1514 2067 1553 nos
2096 1494 2497 1552 transmittent.

422 1610 479 1649 11.
503 1583 1003 1665 Ετὼίῃτιῦἰιρίετί,
1044 1581 1521 1663 quandocumque
1565 1605 1667 1662 per
1708 1604 1813 1643 nos
1856 1586 2150 1645 convocati
2191 1585 2436 1653 fuerint;
2496 1586 2562 1643 in
2601 1587 2812 1643 sacello
2852 1597 3047 1644 nostro

353 1681 631 1741 domestico
656 1702 716 1740 se
744 1680 965 1745 sistent,
992 1678 1235 1754 gratiam
1264 1677 1515 1753 Spiritus
1544 1677 1738 1735 Sancti
1771 1678 2071 1735 nobiscum
2103 1677 2444 1745 invocaturi,
2470 1697 2536 1735 ac
2561 1671 2765 1734 deinde
2790 1677 3047 1735 audituri

353 1793 409 1831 ea
429 1794 548 1849 quae
574 1786 703 1851 post
726 1784 990 1830 mutuam
1016 1769 1379 1828 collationem
1409 1780 1804 1842 maturamque
1829 1768 2311 1836 deliberationem,
2329 1787 2434 1844 pro
2450 1769 2702 1828 utilitate
2728 1770 3048 1829 animarum

352 1878 399 1924 et
421 1867 570 1925 fideli
593 1866 963 1925 ecclesiarum
993 1860 1269 1939 regimine
1297 1859 1598 1918 statuenda
1623 1871 1681 1918 et
1706 1860 2022 1918 ordinanda
2045 1861 2394 1919 duxerimus.

422 1978 498 2017 111.
524 1959 810 2016 Praeterae
837 1954 1058 2030 singuli
1086 1949 1544 2028 atthipresbytett
1570 1952 1939 2011 celebrabunt
1966 1948 2262 2010 annuatim
2291 1948 2597 2028 capitulum
2629 1964 2923 2030 pastorum
2956 1953 3047 2010 sui

353 2049 618 2108 districtus
661 2048 860 2107 ordine
900 2057 958 2104 et
999 2058 1250 2122 tempore
1285 2040 1373 2102 hic
1404 2044 1718 2121 designato.
1799 2039 2263 2119 archiprtshptet
2306 2045 2701 2103 Gandavensis
2743 2045 3050 2103 celebrabit

352 2142 652 2218 capitulum
680 2160 852 2198 suum
880 2138 1065 2215 prima
1090 2136 1230 2195 seria
1251 2137 1499 2195 secunda
1519 2148 1648 2214 post
1666 2135 1874 2193 festum
1892 2135 2320 2212 Assumptionis
2340 2138 2406 2194 B.
2429 2137 2657 2204 Μανία,
2679 2135 2822 2194 seria
2846 2140 3050 2211 quarta

354 2229 655 2292 immediate
725 2233 1105 2306 subsequente
1171 2229 1551 2289 celebrabitur
1622 2224 1924 2305 capitulum
1991 2228 2591 2286 Teneramundanum.
2699 2229 2855 2286 Huic
2908 2228 3050 2285 feria

353 2326 579 2383 secunda
614 2324 874 2401 proxima
907 2321 1168 2380 succedet
1204 2317 1509 2396 capitulum
1540 2322 1630 2378 W
1619 2322 1909 2378 asianum.
1990 2318 2216 2377 Deinde
2252 2319 2395 2378 feria
2431 2323 2637 2396 quarta
2671 2319 3049 2393 subsequente

353 2417 653 2484 Hills-teme,
693 2427 821 2493 post
863 2413 1016 2472 illud
1050 2414 1236 2491 prima
1271 2414 1412 2472 feria
1447 2413 1695 2471 secunda
1724 2412 2104 2470 celebrabitur
2136 2407 2442 2486 capitulum
2479 2411 2957 2486 Everqlzemieme,
2983 2431 3050 2468 ac

351 2508 537 2567 deinde
571 2508 714 2568 feria
747 2509 955 2584 quarta
986 2505 1426 2573 Ablana-deme,
1460 2516 1518 2564 et
1543 2505 1914 2580 subsequenti
1956 2503 2273 2580 septimana
2303 2503 2444 2562 seria
2479 2502 2726 2562 secunda
2753 2499 3056 2578 capitulum

355 2603 693 2667 Humanum,
725 2621 792 2658 ac
828 2597 969 2656 seria
1002 2601 1207 2671 quarta
1234 2598 1570 2654 Tiletanum.
1655 2592 1836 2656 Porro
1872 2596 2072 2671 aliquo
2107 2595 2248 2655 sesto
2283 2595 2345 2653 in
2381 2595 2581 2654 seriam
2618 2596 2925 2654 secundam
2955 2599 3049 2655 vel

350 2705 592 2766 quartam
618 2691 922 2756 incidente,
950 2689 1332 2746 celebrabitur
1360 2685 1665 2765 capitulum
1694 2688 1986 2765 postridie.

427 2803 496 2842 iv.
535 2785 677 2843 Haec
713 2785 841 2861 ipsa
872 2778 1116 2857 capitula
1152 2782 1528 2850 celebrentur,
1556 2793 1625 2839 ut
1665 2801 1734 2840 ea
1767 2800 1885 2838 non
1915 2780 1989 2838 ad
2025 2781 2532 2848 comessandum,
2564 2781 2663 2838 sed
2697 2781 2771 2839 ad
2808 2792 3050 2841 tractan-

353 2877 476 2934 dum
512 2878 584 2935 de
621 2876 792 2935 rebus
832 2875 993 2933 seriis
1033 2875 1249 2933 indicta
1280 2895 1400 2933 esse
1432 2895 1627 2933 omnes
1661 2874 2027 2951 intelligant;
2077 2870 2316 2950 proinde
2342 2874 2407 2932 in
2431 2873 2571 2941 illis,
2600 2875 2835 2933 initium
2864 2895 3053 2934 rerum

353 2969 688 3044 agendarum
724 2979 986 3026 sumatur
1014 2967 1088 3024 ab
1120 2967 1478 3026 invocatione
1508 2967 1761 3043 Spiritus
1793 2966 1988 3024 Sancti
2022 2986 2140 3043 quo
2175 2966 2457 3044 dirigente
2491 2967 2562 3026 de
2602 2969 2769 3026 rebus
2801 2969 3053 3027 ecclesiae

354 3062 675 3127 conseratur,
718 3060 1028 3136 prandium
1059 3054 1194 3117 vero
1226 3079 1340 3116 non
1377 3060 1477 3116 fiat
1512 3058 1626 3116 nisi
1663 3059 1890 3134 frugale
1926 3070 1985 3117 et
2015 3059 2386 3123 moderatum,
2416 3070 2485 3116 ut
2523 3078 2690 3117 nemo
2729 3060 3052 3134 sumptibus

356 3154 435 3209 vel
463 3164 597 3229 potu
623 3162 931 3228 gravetur3
986 3169 1090 3207 nec
1119 3144 1380 3224 unquam
1410 3151 1475 3208 in
1511 3151 1743 3208 taberna
1773 3151 1865 3208 vel
1896 3149 2211 3209 diversorio
2247 3151 2602 3215 instituatur,
2627 3150 2881 3207 extranei
2911 3170 3052 3224 quo·

353 3263 453 3318 que
477 3264 577 3321 per
600 3263 748 3318 quos
776 3241 1037 3300 tractatio
1062 3241 1134 3298 de
1159 3241 1329 3298 rebus
1355 3241 1607 3299 ecclesiae
1633 3240 1902 3317 impediri
1932 3241 2110 3316 possit
2143 3240 2217 3298 ab
2245 3261 2313 3299 eo
2340 3240 2731 3298 excludantur.

423 3353 473 3393 v.
515 3338 707 3411 Atque
757 3347 827 3392 ut
881 3333 1186 3409 prandium
1233 3333 1307 3390 sit
1353 3333 1579 3410 frugale
1626 3344 1684 3391 et
1728 3332 2085 3391 moderatum
2133 3332 2456 3407 symbolum
2503 3352 2619 3389 non
2667 3331 2897 3389 excedat
2943 3344 3055 3389 tres

355 3425 595 3494 florenos,
625 3426 700 3484 ad
737 3425 895 3501 quod
934 3444 1130 3483 omnes
1172 3434 1422 3500 pastores
1464 3426 1813 3483 tenebuntur
1854 3426 2028 3483 etiam
2069 3419 2436 3499 quantumvis
2480 3423 2742 3500 legitima
2780 3443 2849 3480 ex
2886 3427 3057 3480 causa

354 3518 610 3586 absentes,
637 3513 678 3576 a
704 3517 920 3593 quibus
950 3512 1246 3591 aequaliter
1281 3517 1607 3593 symbolum
1639 3518 1786 3576 solvi
1826 3520 2096 3576 volumus
2124 3511 2289 3594 proiit
2314 3509 2354 3573 ὲ
2381 3516 2769 3593 praesentibus.
2850 3515 2936 3572 Ac
2966 3515 3054 3573 in·

356 3606 510 3685 super
534 3610 883 3675 ordinamus,
909 3619 977 3666 ut
1004 3611 1219 3667 mulcta
1247 3628 1445 3689 eorum
1471 3610 1577 3684 qui
1604 3609 1728 3667 sine
1756 3612 1927 3667 causa
1952 3609 2016 3667 in
2044 3609 2169 3685 ipsa
2194 3609 2638 3684 congregatione
2664 3603 2701 3664 a
2729 3606 3056 3683 pluralitate

356 3713 599 3759 votorum
624 3701 995 3779 approbanda
1019 3699 1325 3767 abfuerint,
1353 3696 1513 3757 ultra
1534 3701 1876 3777 symbolum,
1906 3702 1984 3759 sit
2009 3701 2183 3759 unius
2209 3700 2373 3759 librae
2400 3720 2729 3778 grossorum
2755 3700 3056 3766 solvendae,

355 3792 420 3849 ad
444 3814 585 3870 opus
617 3813 994 3871 expensarum
1026 3791 1088 3849 in
1120 3791 1224 3849 tali
1256 3793 1700 3868 congregatione
1734 3793 2026 3851 factarum.
2109 3796 2189 3852 Et
2215 3793 2264 3851 si
2291 3794 2394 3868 qui
2419 3790 2561 3852 forte
2587 3787 2828 3851 ulterius
2857 3803 3057 3851 contu-

359 3880 575 3942 maciter
618 3885 814 3942 adesse
857 3879 1093 3960 εεψίίιιῑο
1140 3884 1609 3952 renuntiaverint,
1641 3885 1818 3942 curiae
1860 3897 2069 3944 nostrae
2112 3886 2625 3953 denuntiabuntur,
2657 3885 2776 3942 alia
2816 3881 3054 3961 insuper

360 3981 510 4049 poenfi
535 3975 836 4034 arbitraria
862 3975 1156 4052 puniendi.

427 4086 501 4125 νι.
541 4068 890 4126 Mandamus
932 4078 988 4126 et
1035 4068 1381 4135 ordinamus,
1423 4079 1493 4126 ut
1546 4080 1816 4144 pastores,
1865 4070 2156 4136 sacellani,
2202 4080 2260 4126 et
2315 4069 2638 4127 beneficiati
2691 4068 3058 4141 quicumque.

360 4155 832 4234 &ttbfiptesbmttis
854 4156 1165 4234 respective
1193 4161 1332 4225 suis,
1349 4156 1816 4229 etbttstianstatis
1834 4156 2073 4226 uetanis,
2090 4162 2256 4235 juxta
2265 4160 2660 4232 juramentum
2680 4159 2743 4215 in
2759 4157 3059 4233 adeptione

359 4248 603 4309 beneficii
643 4251 896 4328 praestari
924 4251 1178 4318 solitum,
1207 4253 1432 4310 tradant
1461 4264 1718 4311 exactam
1747 4252 2228 4329 specificationem
2258 4252 2554 4314 bonorum,
2585 4260 2965 4326 proventuum
2994 4267 3060 4302 ac

355 4341 557 4411 jurium
578 4363 812 4401 suorum
831 4338 1137 4419 respective
1166 4344 1588 4409 beneficiorum,
1609 4345 1764 4418 quod
1791 4344 1842 4401 si
1869 4338 2087 4401 diutiiis
2113 4354 2309 4399 contra
2329 4343 2715 4416 juramentum
2744 4337 3058 4414 praestitum
