3882 5037
838 479 885 550 3
900 480 987 550 12
1611 478 2002 555 Άρρειιῡίκρ-
2013 474 2383 538 Θοηῐίιιτιιίαῑ
2412 473 2782 541 worumnus.
3287 481 3477 555 [PAR-1-
3507 484 3553 540 1,

919 679 1278 737 Constitutus
1306 701 1438 739 vero
1465 684 1701 743 betanus
1731 680 1794 737 in
1819 681 2065 736 alterum
2092 678 2266 735 etiam
2289 677 2618 743 triennium,
2638 679 2687 735 si
2707 699 2776 736 ex
2796 680 3238 739 rationabilibus
3258 683 3445 741 causis
3473 684 3555 741 ita

839 771 1005 827 nobis
1035 772 1338 837 videbitur,
1367 772 1690 829 continuari
1733 770 1957 848 poterit.
2040 769 2102 828 Si
2138 770 2269 845 quis
2310 790 2442 828 vero
2467 773 2704 832 betarum
2740 781 2871 829 ante
2912 772 3226 831 triennium
3258 775 3554 841 moriatur,

836 862 989 918 alius
1015 857 1054 918 a
1081 863 1245 920 nobis
1273 864 1683 940 surrogabitur.

1463 991 1831 1051 V.—Fonm
1857 992 2197 1049 hamam-1
2226 987 2576 1049 masuerum
2606 987 2934 1050 muranum.

921 1083 1054 1159 Ego
1085 1086 1162 1142 N.
1190 1088 1289 1144 &a
1311 1087 1446 1160 juro
1466 1097 1522 1145 et
1549 1087 1835 1163 promitto,
1854 1088 2010 1162 quod
2033 1087 2390 1145 reverendiss.
2411 1097 2466 1144 et
2488 1088 2774 1144 illustriss.
2805 1088 3039 1145 domino
3061 1087 3348 1165 Episcopo
3370 1089 3552 1146 Osna-

841 1175 1129 1251 brugensi,
1156 1188 1210 1235 et
1237 1179 1358 1252 ejus
1386 1180 1803 1238 successoribus
1824 1174 2095 1237 canonice
2124 1178 2489 1245 intrantibus,
2508 1179 2693 1237 fidelis
2720 1189 2775 1236 et
2801 1180 3067 1237 obediens
3087 1199 3198 1245 er0,
3227 1191 3283 1237 et
3303 1180 3554 1255 ejusdem

838 1269 1288 1327 reverendissimi
1331 1271 1602 1347 episcopi,
1639 1282 1696 1329 et
1737 1272 1859 1345 ejus
1903 1271 2155 1329 ecclesiae
2197 1270 2492 1328 commoda
2536 1270 2897 1345 promovebo,
2934 1281 2990 1329 et
3033 1271 3243 1327 damna
3285 1281 3553 1337 avertam,

836 1367 1006 1431 atque
1049 1360 1296 1418 officium
1337 1362 1649 1429 buranam&
1693 1374 1749 1421 et
1791 1363 2091 1421 commissa
2134 1361 2277 1419 mihi
2319 1381 2384 1419 ac
2429 1361 2693 1420 mandata
2736 1362 2982 1421 fideliter
3025 1381 3290 1437 exequar,
3337 1363 3552 1438 absque

839 1450 996 1507 omni
1024 1451 1157 1509 dolo
1185 1462 1240 1510 et
1267 1454 1481 1512 fraude.
1564 1455 1660 1513 Sic
1690 1475 1780 1512 me
1808 1454 1987 1519 Deus,
2017 1454 2115 1510 διο.

1550 1594 1835 1653 VL—Dn
1861 1595 2103 1652 Ormcm
2130 1590 2482 1652 murinorum
2509 1590 2837 1652 muralium.

919 1707 956 1744 1.
998 1686 1247 1752 Βετεῐιίβ
1276 1688 1561 1749 tutalibuss
1589 1692 1652 1749 in
1682 1691 1880 1767 primis
1908 1689 2299 1748 commendata
2327 1689 2444 1746 sint
2471 1689 2681 1755 omnia,
2708 1709 2839 1764 quae
2866 1690 2928 1747 in
2955 1690 3288 1757 canonibus,
3318 1690 3551 1748 statutis

839 1778 1225 1854 synodalibus,
1253 1802 1319 1838 ac
1351 1783 1823 1857 provincialibus,
1851 1782 1921 1840 de
1951 1781 2152 1847 offici0,
2181 1780 2318 1847 vita,
2345 1792 2401 1837 et
2436 1781 2724 1838 honestate
2753 1783 3145 1856 parochorum,
3174 1783 3551 1851 sacerdotum,

836 1881 891 1927 et
915 1870 1253 1927 clericorum
1280 1883 1414 1928 sunt
1443 1875 1785 1950 praescripta,
1806 1884 1860 1932 et
1887 1885 1954 1930 ut
1979 1893 2046 1930 ea
2071 1873 2134 1929 in
2162 1871 2362 1948 seipsis
2388 1872 2705 1939 exhibeant,
2726 1882 2782 1929 et
2810 1872 2873 1929 in
2901 1873 3032 1930 aliis
3053 1894 3172 1931 suae
3196 1874 3550 1952 regiunculae

834 1960 1205 2019 existentibus
1234 1963 1553 2038 pastoribus
1582 1965 1880 2023 observent
1904 1985 1971 2021 ac
2001 1964 2304 2037 requirant.

918 2069 981 2106 11.
1025 2052 1120 2109 Ad
1151 2050 1334 2112 beraut
1379 2052 1587 2117 tutelis
1632 2055 1881 2114 officium
1924 2053 2185 2130 pertinet,
2227 2054 2316 2110 bis
2359 2053 2421 2110 in
2463 2073 2613 2111 anno
2657 2064 2788 2111 ante
2831 2054 3115 2129 synodum
3156 2043 3556 2122 dioecesanam,

836 2141 1111 2198 nimirum
1154 2163 1343 2202 mense
1384 2146 1702 2206 Februario
1737 2158 1792 2205 et
1834 2145 2170 2222 Septembri,
2207 2144 2280 2202 ad
2321 2145 2820 2221 congregationem
2860 2166 3236 2212 communem,
3263 2166 3365 2204 seu
3403 2144 3551 2223 tapi-

837 2231 1019 2293 tulum
1048 2254 1180 2292 suos
1217 2248 1465 2311 pastores
1501 2257 1843 2305 convocare;
1884 2237 2147 2295 ecclesias
2183 2236 2550 2313 parochiales,
2586 2238 2851 2311 capellas,
2888 2237 3180 2304 sacristiaS,
3208 2238 3553 2312 sepulturas,

835 2327 1172 2393 coemeteria,
1193 2328 1519 2403 hospitalia,
1545 2329 1938 2404 parochorum,
1960 2327 2319 2401 aliorumque
2339 2327 2677 2385 clericorum
2698 2328 2842 2385 aedes
2864 2349 2930 2386 ac
2951 2327 3216 2395 familias,
3237 2339 3295 2386 et
3315 2328 3432 2386 alia
3453 2330 3554 2404 pia

833 2415 960 2473 loca
987 2415 1280 2474 districtus
1308 2419 1415 2487 sui,
1444 2421 1747 2493 quotannis
1771 2421 1963 2487 simul,
1992 2439 2112 2476 una
2147 2439 2281 2476 cum
2308 2418 2630 2485 camerario,
2658 2419 2748 2476 vel
2791 2420 2907 2476 alio
2934 2420 3201 2492 adjuncto
3228 2420 3456 2478 visitare
3485 2442 3553 2478 ac

835 2506 1148 2581 diligenter
1172 2508 1469 2586 inspicere,
1497 2510 1667 2586 idque
1694 2532 1908 2578 curare,
1936 2522 2004 2568 ut
2030 2521 2178 2568 sarta
2204 2520 2346 2568 tecta
2367 2521 2679 2576 serventur,
2701 2521 2758 2566 et
2781 2529 2910 2583 quae
2935 2509 3007 2566 ad
3035 2509 3298 2568 divinum
3322 2513 3553 2570 cultum

833 2610 971 2655 sunt
998 2601 1326 2667 necessaria,
1355 2622 1488 2659 vasa
1518 2622 1691 2669 sacra,
1720 2613 2070 2669 ornamenta,
2090 2612 2285 2668 vestes,
2311 2602 2467 2667 libri,
2490 2597 2635 2658 recte
2655 2612 2710 2659 et
2738 2596 2959 2675 integre
2980 2621 3086 2659 suo
3112 2604 3240 2661 loco
3267 2614 3325 2660 et
3351 2604 3553 2662 ordine

832 2701 1246 2747 conserventur.
1883 2749 1887 2753 ,

913 2798 1003 2835 111.
1048 2776 1376 2855 Diligenter
1417 2802 1646 2858 quoque
1691 2784 1986 2858 inquirant
2029 2784 2092 2841 in
2127 2784 2265 2858 jura
2303 2793 2359 2840 et
2402 2784 2553 2841 bona
2584 2782 2960 2841 ecclesiastica
2999 2783 3093 2840 sui
3131 2782 3442 2849 httanatffl,
3470 2804 3551 2841 an

832 2864 978 2926 recte
1005 2869 1471 2929 administrentur
1496 2885 1551 2930 et
1578 2876 2023 2933 conserventur?
2103 2876 2200 2932 An
2237 2894 2306 2932 ex
2344 2874 2414 2931 iis
2448 2874 2670 2947 aliquid
2708 2874 3022 2932 alienatum
3057 2875 3148 2939 sit,
3176 2887 3279 2932 aut
3314 2876 3387 2932 ab
3413 2875 3551 2933 aliis

834 2963 1187 3035 usurpetur?
1266 2964 1366 3020 An
1409 2964 1651 3022 ecclesia
1692 2963 1892 3037 aliqua
1933 2959 2211 3030 turbetur,
2240 2964 2440 3021 debitis
2482 2975 2760 3028 oneretur,
2795 2964 2998 3022 litibus
3043 2965 3382 3043 implicetur,
3409 2987 3550 3024 cum

831 3051 1064 3125 quibus,
1093 3062 1151 3108 et
1178 3072 1247 3109 ex
1276 3060 1394 3130 qua
1420 3059 1588 3114 causti
1605 3057 1632 3111 Ρ

914 3161 991 3201 xv.
1035 3140 1316 3203 Praeterea
1356 3140 1596 3204 sollicite
1643 3166 1709 3204 ac
1764 3138 2086 3221 prudenter,
2134 3144 2203 3202 de
2260 3155 2569 3220 pastorum,
2617 3146 2987 3212 sacerdotum,
3037 3146 3357 3211 custodum,
3394 3147 3553 3204 ludi-

830 3232 1248 3309 magistrorum,
1277 3236 1635 3303 aedituorum,
1659 3255 1761 3293 seu
1805 3234 2163 3310 provisorum
2204 3256 2269 3292 ac
2313 3235 2705 3293 ministrorum
2752 3238 3001 3295 ecclesiae
3047 3237 3165 3295 vita
3204 3258 3271 3296 ac
3315 3258 3551 3297 conver-

829 3327 1048 3383 satione
1075 3327 1400 3404 inquirant:
1441 3322 1576 3385 num
1605 3327 1821 3386 scilicet
1849 3327 1933 3384 illi
1963 3326 2023 3383 in
2053 3326 2442 3383 functionibus
2470 3327 2607 3393 suis,
2635 3329 3012 3387 celebratione
3036 3329 3355 3395 missarum,
3386 3330 3549 3388 verbi

828 3417 1011 3475 divini
1057 3420 1469 3495 praedicatione,
1514 3431 1993 3479 sacramentorum
2037 3418 2540 3484 administratione,
2582 3419 2901 3477 catechismi
2949 3419 3223 3486 doctrina,
3270 3420 3549 3479 horarum

827 3511 1227 3584 persolutione,
1256 3510 1511 3570 decentia
1539 3531 1782 3577 morum,
1807 3510 1991 3568 victsts
2012 3530 2076 3566 ac
2103 3509 2341 3568 vestitfis
2363 3508 2595 3576 ratione,
2617 3508 2792 3566 studii
2812 3509 3159 3575 assiduitate,
3188 3520 3244 3567 et
3263 3510 3367 3567 alii
3388 3512 3547 3570 simi-

828 3600 958 3658 liter
986 3621 1087 3677 pro
1114 3605 1331 3662 ratione
1361 3603 1669 3660 functionis
1695 3622 1816 3659 suae
1843 3601 2028 3659 officio
2055 3619 2160 3657 suo
2188 3600 2548 3667 satisfaciant,
2577 3622 2642 3658 ac
2669 3600 2812 3675 quid
2850 3599 3066 3674 ubique
3106 3601 3364 3658 locorum
3400 3603 3548 3661 desit

830 3701 929 3747 aut
956 3692 1324 3759 desideretur,
1353 3688 1611 3750 accurate
1638 3693 2008 3758 considerent,
2039 3702 2104 3748 ut
2131 3712 2197 3749 ea
2224 3692 2296 3747 ad
2324 3703 2575 3749 nostram
2604 3691 2989 3767 cognitionem
3017 3692 3223 3750 referre
3252 3694 3485 3768 possint.

910 3801 965 3837 v.
1009 3778 1255 3840 Demiim
1285 3784 1577 3859 graviores
1605 3783 1741 3840 cleri
1769 3794 1825 3839 et
1863 3782 2064 3857 populi
2103 3802 2380 3849 excessuS,
2409 3804 2474 3840 ac
2510 3783 2748 3840 crimina
2786 3783 3032 3858 publica,
3067 3783 3282 3858 quibus
3306 3786 3547 3845 ecclesia

828 3871 1259 3940 scandalizatur,
1287 3871 1470 3931 uetant
1497 3873 1569 3930 ad
1597 3892 1699 3930 nos
1726 3873 1984 3940 referant,
2005 3884 2073 3930 ut
2099 3870 2320 3930 mature
2348 3874 2627 3932 scandalis
2656 3876 2905 3942 obviare,
2932 3886 2987 3933 et
3013 3875 3341 3948 hujusmodi
3370 3880 3544 3945 mala,

829 3972 1134 4035 antequam
1157 3963 1332 4019 latius
1359 3973 1601 4038 serpant,
1628 3958 1660 4019 ὲ
1688 3964 1874 4022 medio
1902 3966 2104 4022 tollere
2130 3966 2437 4022 valeamus.

908 4071 990 4109 v1.
1034 4050 1284 4114 Remu&
1313 4050 1596 4114 ruralibus
1640 4048 1786 4110 serio
1827 4053 2002 4111 etiam
2048 4056 2472 4112 commendatur
2513 4067 2570 4113 et
2612 4055 2954 4134 injungitur,
2983 4067 3051 4114 ut
3096 4076 3227 4131 quae
3265 4058 3335 4116 de
3370 4058 3543 4116 libris

826 4141 1263 4218 baptismalibus
1288 4152 1344 4201 et
1383 4144 1925 4210 matrimonialibus,
1951 4145 2284 4202 nominibus
2324 4146 2888 4214 communicantium,
2915 4157 2971 4206 et
3009 4148 3070 4205 id
3094 4149 3542 4225 negligentium,

826 4244 953 4307 post
983 4233 1199 4292 Pascha
1225 4234 1407 4301 nobis,
1433 4246 1534 4292 aut
1554 4245 1748 4292 nostro
1767 4236 1984 4294 vicario
2001 4237 2385 4311 designandis,
2406 4238 2469 4294 in
2491 4238 2934 4313 praecedentibus
2953 4240 3185 4317 synodis
3212 4242 3545 4318 praescripta

823 4335 972 4391 sunt,
1003 4323 1065 4382 in
1093 4326 1296 4401 praxin
1327 4326 1512 4402 redigi
1540 4336 1752 4384 curent.
