<?xml version="1.0" encoding="UTF-8"?>
<!DOCTYPE html PUBLIC "-//W3C//DTD XHTML 1.0 Transitional//EN"
    "http://www.w3.org/TR/xhtml1/DTD/xhtml1-transitional.dtd">
<html xmlns="http://www.w3.org/1999/xhtml" xml:lang="en" lang="en">
 <head>
  <title>
</title>
<meta http-equiv="Content-Type" content="text/html;charset=utf-8" />
  <meta name='ocr-system' content='tesseract 3.04.00' />
  <meta name='ocr-capabilities' content='ocr_page ocr_carea ocr_par ocr_line ocrx_word'/>
</head>
<body>
  <div class='ocr_page' id='page_1' title='image "./horaedecanicaer03dansgoog_0310.png"; bbox 0 0 3882 5037; ppageno 0'>
   <div class='ocr_carea' id='block_1_1' title="bbox 847 488 3583 570">
    <p class='ocr_par' dir='ltr' id='par_1_1' title="bbox 847 488 3583 570">
     <span class='ocr_line' id='line_1_1' title="bbox 847 488 3583 570; baseline -0.005 -11"><span class='ocrx_word' id='word_1_1' title='bbox 847 500 1001 570; x_wconf 79' lang='lat'>294</span> <span class='ocrx_word' id='word_1_2' title='bbox 1623 488 2390 567; x_wconf 57' lang='lat' dir='ltr'>ffippmntx.—etonttnenta1</span> <span class='ocrx_word' id='word_1_3' title='bbox 2418 488 2785 554; x_wconf 64' lang='lat' dir='ltr'>Botumtnts.</span> <span class='ocrx_word' id='word_1_4' title='bbox 3318 492 3513 566; x_wconf 72' lang='lat' dir='ltr'>[Pun-</span> <span class='ocrx_word' id='word_1_5' title='bbox 3535 496 3583 552; x_wconf 94' lang='grc' dir='ltr'>Ι.</span> 
     </span>
    </p>
   </div>
   <div class='ocr_carea' id='block_1_2' title="bbox 843 688 3586 3795">
    <p class='ocr_par' dir='ltr' id='par_1_2' title="bbox 843 688 3582 950">
     <span class='ocr_line' id='line_1_2' title="bbox 843 688 3582 770; baseline -0.002 -16"><span class='ocrx_word' id='word_1_6' title='bbox 843 697 980 770; x_wconf 91' lang='lat' dir='ltr'>joci,</span> <span class='ocrx_word' id='word_1_7' title='bbox 1008 693 1526 753; x_wconf 86' lang='lat' dir='ltr'>confabulationes:</span> <span class='ocrx_word' id='word_1_8' title='bbox 1570 690 1820 766; x_wconf 89' lang='lat' dir='ltr'>populus</span> <span class='ocrx_word' id='word_1_9' title='bbox 1835 699 2027 745; x_wconf 89' lang='lat' dir='ltr'>autem</span> <span class='ocrx_word' id='word_1_10' title='bbox 2053 695 2188 746; x_wconf 75' lang='lat' dir='ltr'>oret.</span> <span class='ocrx_word' id='word_1_11' title='bbox 2270 689 2346 746; x_wconf 89' lang='lat' dir='ltr'>Et</span> <span class='ocrx_word' id='word_1_12' title='bbox 2372 688 2525 764; x_wconf 91' lang='lat' dir='ltr'>quod</span> <span class='ocrx_word' id='word_1_13' title='bbox 2553 690 2729 748; x_wconf 85' lang='lat' dir='ltr'>unius</span> <span class='ocrx_word' id='word_1_14' title='bbox 2756 702 2980 749; x_wconf 90' lang='lat' dir='ltr'>tantum</span> <span class='ocrx_word' id='word_1_15' title='bbox 3003 689 3198 757; x_wconf 89' lang='lat' dir='ltr'>sancti,</span> <span class='ocrx_word' id='word_1_16' title='bbox 3221 711 3338 748; x_wconf 91' lang='lat' dir='ltr'>non</span> <span class='ocrx_word' id='word_1_17' title='bbox 3372 693 3582 766; x_wconf 85' lang='lat' dir='ltr'>plures,</span> 
     </span>
     <span class='ocr_line' id='line_1_3' title="bbox 850 781 3581 862; baseline -0.001 -18"><span class='ocrx_word' id='word_1_18' title='bbox 850 807 1023 862; x_wconf 92' lang='lat' dir='ltr'>quam</span> <span class='ocrx_word' id='word_1_19' title='bbox 1049 805 1167 842; x_wconf 88' lang='lat' dir='ltr'>una</span> <span class='ocrx_word' id='word_1_20' title='bbox 1206 785 1400 859; x_wconf 81' lang='lat' dir='ltr'>imago</span> <span class='ocrx_word' id='word_1_21' title='bbox 1429 781 1892 841; x_wconf 80' lang='lat' dir='ltr'>circumferatur:</span> <span class='ocrx_word' id='word_1_22' title='bbox 1935 801 2038 838; x_wconf 89' lang='lat' dir='ltr'>nec</span> <span class='ocrx_word' id='word_1_23' title='bbox 2065 782 2331 857; x_wconf 84' lang='lat' dir='ltr'>vagando</span> <span class='ocrx_word' id='word_1_24' title='bbox 2360 801 2461 857; x_wconf 90' lang='lat' dir='ltr'>per</span> <span class='ocrx_word' id='word_1_25' title='bbox 2486 801 2654 858; x_wconf 84' lang='lat' dir='ltr'>agros</span> <span class='ocrx_word' id='word_1_26' title='bbox 2694 782 3034 848; x_wconf 84' lang='lat' dir='ltr'>discurrant,</span> <span class='ocrx_word' id='word_1_27' title='bbox 3066 782 3386 856; x_wconf 82' lang='lat' dir='ltr'>praesertim</span> <span class='ocrx_word' id='word_1_28' title='bbox 3415 801 3581 860; x_wconf 88' lang='lat' dir='ltr'>roga-</span> 
     </span>
     <span class='ocr_line' id='line_1_4' title="bbox 852 879 1370 950; baseline -0.008 -16"><span class='ocrx_word' id='word_1_29' title='bbox 852 879 1073 936; x_wconf 87' lang='lat' dir='ltr'>tionum</span> <span class='ocrx_word' id='word_1_30' title='bbox 1102 887 1370 950; x_wconf 88' lang='lat' dir='ltr'>tempore.</span> 
     </span>
    </p>

    <p class='ocr_par' dir='ltr' id='par_1_3' title="bbox 853 960 3586 1411">
     <span class='ocr_line' id='line_1_5' title="bbox 933 960 3586 1041; baseline -0.001 -16"><span class='ocrx_word' id='word_1_31' title='bbox 933 971 1029 1026; x_wconf 91' lang='lat' dir='ltr'>An</span> <span class='ocrx_word' id='word_1_32' title='bbox 1056 968 1171 1024; x_wconf 88' lang='lat' dir='ltr'>sint</span> <span class='ocrx_word' id='word_1_33' title='bbox 1198 966 1380 1041; x_wconf 83' lang='lat' dir='ltr'>aliqui</span> <span class='ocrx_word' id='word_1_34' title='bbox 1401 984 1470 1022; x_wconf 81' lang='lat' dir='ltr'>ex</span> <span class='ocrx_word' id='word_1_35' title='bbox 1500 963 1730 1028; x_wconf 89' lang='lat' dir='ltr'>curatis,</span> <span class='ocrx_word' id='word_1_36' title='bbox 1748 960 1852 1036; x_wconf 92' lang='lat' dir='ltr'>qui</span> <span class='ocrx_word' id='word_1_37' title='bbox 1879 960 2194 1018; x_wconf 81' lang='lat' dir='ltr'>sustineant</span> <span class='ocrx_word' id='word_1_38' title='bbox 2221 962 2283 1019; x_wconf 91' lang='lat' dir='ltr'>in</span> <span class='ocrx_word' id='word_1_39' title='bbox 2313 961 2435 1019; x_wconf 90' lang='lat' dir='ltr'>suis</span> <span class='ocrx_word' id='word_1_40' title='bbox 2465 962 2750 1037; x_wconf 86' lang='lat' dir='ltr'>parochiis</span> <span class='ocrx_word' id='word_1_41' title='bbox 2771 964 3042 1038; x_wconf 88' lang='lat' dir='ltr'>aliquem,</span> <span class='ocrx_word' id='word_1_42' title='bbox 3070 963 3310 1038; x_wconf 91' lang='lat' dir='ltr'>quinon</span> <span class='ocrx_word' id='word_1_43' title='bbox 3340 964 3405 1022; x_wconf 91' lang='lat' dir='ltr'>in</span> <span class='ocrx_word' id='word_1_44' title='bbox 3433 984 3586 1022; x_wconf 90' lang='lat' dir='ltr'>anno</span> 
     </span>
     <span class='ocr_line' id='line_1_6' title="bbox 853 1053 3583 1135; baseline -0.001 -18"><span class='ocrx_word' id='word_1_45' title='bbox 853 1061 1049 1117; x_wconf 83' lang='lat' dir='ltr'>saltem</span> <span class='ocrx_word' id='word_1_46' title='bbox 1079 1059 1251 1116; x_wconf 91' lang='lat' dir='ltr'>semel</span> <span class='ocrx_word' id='word_1_47' title='bbox 1281 1066 1509 1135; x_wconf 89' lang='lat' dir='ltr'>peccata</span> <span class='ocrx_word' id='word_1_48' title='bbox 1532 1075 1637 1113; x_wconf 91' lang='lat' dir='ltr'>sua</span> <span class='ocrx_word' id='word_1_49' title='bbox 1675 1055 2026 1120; x_wconf 84' lang='lat' dir='ltr'>confiteatur,</span> <span class='ocrx_word' id='word_1_50' title='bbox 2054 1064 2111 1108; x_wconf 88' lang='lat' dir='ltr'>et</span> <span class='ocrx_word' id='word_1_51' title='bbox 2152 1053 2471 1111; x_wconf 87' lang='lat' dir='ltr'>venerabile</span> <span class='ocrx_word' id='word_1_52' title='bbox 2513 1065 2923 1112; x_wconf 89' lang='lat' dir='ltr'>sacramentum</span> <span class='ocrx_word' id='word_1_53' title='bbox 2961 1053 3354 1121; x_wconf 83' lang='lat' dir='ltr'>Eucharistiae‚</span> <span class='ocrx_word' id='word_1_54' title='bbox 3386 1077 3583 1114; x_wconf 86' lang='lat' dir='ltr'>secun·</span> 
     </span>
     <span class='ocr_line' id='line_1_7' title="bbox 853 1145 3586 1222; baseline -0.001 -14"><span class='ocrx_word' id='word_1_55' title='bbox 853 1152 989 1208; x_wconf 92' lang='lat' dir='ltr'>dum</span> <span class='ocrx_word' id='word_1_56' title='bbox 1020 1151 1082 1207; x_wconf 89' lang='lat' dir='ltr'>C.</span> <span class='ocrx_word' id='word_1_57' title='bbox 1118 1151 1318 1206; x_wconf 81' lang='lat' dir='ltr'>Omnis</span> <span class='ocrx_word' id='word_1_58' title='bbox 1344 1149 1637 1220; x_wconf 79' lang='lat' dir='ltr'>utriusque</span> <span class='ocrx_word' id='word_1_59' title='bbox 1666 1164 1839 1201; x_wconf 70' lang='lat' dir='ltr'>sem.</span> <span class='ocrx_word' id='word_1_60' title='bbox 1924 1145 2011 1201; x_wconf 88' lang='lat' dir='ltr'>De</span> <span class='ocrx_word' id='word_1_61' title='bbox 2032 1146 2379 1219; x_wconf 78' lang='lat' dir='ltr'>poeniientiis</span> <span class='ocrx_word' id='word_1_62' title='bbox 2405 1151 2457 1202; x_wconf 79' lang='lat' dir='ltr'>et</span> <span class='ocrx_word' id='word_1_63' title='bbox 2484 1147 2795 1202; x_wconf 67' lang='lat' dir='ltr'>remissiore.</span> <span class='ocrx_word' id='word_1_64' title='bbox 2825 1156 3026 1202; x_wconf 77' lang='lat' dir='ltr'>sumat.</span> <span class='ocrx_word' id='word_1_65' title='bbox 3110 1146 3189 1202; x_wconf 90' lang='lat' dir='ltr'>Et</span> <span class='ocrx_word' id='word_1_66' title='bbox 3217 1147 3266 1204; x_wconf 93' lang='lat' dir='ltr'>si</span> <span class='ocrx_word' id='word_1_67' title='bbox 3295 1149 3430 1222; x_wconf 90' lang='lat' dir='ltr'>quis</span> <span class='ocrx_word' id='word_1_68' title='bbox 3460 1150 3586 1206; x_wconf 84' lang='lat' dir='ltr'>talis</span> 
     </span>
     <span class='ocr_line' id='line_1_8' title="bbox 853 1236 3570 1317; baseline -0.001 -16"><span class='ocrx_word' id='word_1_69' title='bbox 853 1244 1025 1301; x_wconf 85' lang='lat' dir='ltr'>fuerit</span> <span class='ocrx_word' id='word_1_70' title='bbox 1052 1252 1328 1317; x_wconf 73' lang='lat' dir='ltr'>repertae,</span> <span class='ocrx_word' id='word_1_71' title='bbox 1354 1259 1427 1296; x_wconf 92' lang='lat' dir='ltr'>an</span> <span class='ocrx_word' id='word_1_72' title='bbox 1464 1237 1637 1296; x_wconf 89' lang='lat' dir='ltr'>etiam</span> <span class='ocrx_word' id='word_1_73' title='bbox 1663 1238 1833 1294; x_wconf 88' lang='lat' dir='ltr'>talem</span> <span class='ocrx_word' id='word_1_74' title='bbox 1860 1236 1934 1293; x_wconf 89' lang='lat' dir='ltr'>ab</span> <span class='ocrx_word' id='word_1_75' title='bbox 1961 1236 2224 1311; x_wconf 86' lang='lat' dir='ltr'>ingressu</span> <span class='ocrx_word' id='word_1_76' title='bbox 2252 1236 2500 1294; x_wconf 85' lang='lat' dir='ltr'>ecclesiae</span> <span class='ocrx_word' id='word_1_77' title='bbox 2525 1237 2845 1303; x_wconf 86' lang='lat' dir='ltr'>abarceant,</span> <span class='ocrx_word' id='word_1_78' title='bbox 2872 1248 2930 1294; x_wconf 88' lang='lat' dir='ltr'>et</span> <span class='ocrx_word' id='word_1_79' title='bbox 2955 1236 3335 1296; x_wconf 69' lang='lat' dir='ltr'>ecclesiastica</span> <span class='ocrx_word' id='word_1_80' title='bbox 3377 1240 3570 1316; x_wconf 88' lang='lat' dir='ltr'>sepul-</span> 
     </span>
     <span class='ocr_line' id='line_1_9' title="bbox 853 1333 1250 1411; baseline -0.005 -20"><span class='ocrx_word' id='word_1_81' title='bbox 853 1337 981 1391; x_wconf 65' lang='lat' dir='ltr'>tura</span> <span class='ocrx_word' id='word_1_82' title='bbox 1012 1333 1250 1411; x_wconf 82' lang='lat' dir='ltr'>privent.</span> 
     </span>
    </p>

    <p class='ocr_par' dir='ltr' id='par_1_4' title="bbox 853 1417 3585 1775">
     <span class='ocr_line' id='line_1_10' title="bbox 936 1417 3585 1498; baseline -0.001 -16"><span class='ocrx_word' id='word_1_83' title='bbox 936 1426 1034 1482; x_wconf 90' lang='lat' dir='ltr'>An</span> <span class='ocrx_word' id='word_1_84' title='bbox 1061 1425 1227 1484; x_wconf 90' lang='lat' dir='ltr'>etiam</span> <span class='ocrx_word' id='word_1_85' title='bbox 1256 1423 1370 1481; x_wconf 87' lang='lat' dir='ltr'>sint</span> <span class='ocrx_word' id='word_1_86' title='bbox 1396 1420 1790 1497; x_wconf 83' lang='lat' dir='ltr'>circumspecti</span> <span class='ocrx_word' id='word_1_87' title='bbox 1823 1419 1886 1477; x_wconf 89' lang='lat' dir='ltr'>in</span> <span class='ocrx_word' id='word_1_88' title='bbox 1921 1418 2222 1475; x_wconf 87' lang='lat' dir='ltr'>audiendis</span> <span class='ocrx_word' id='word_1_89' title='bbox 2250 1417 2716 1486; x_wconf 78' lang='lat' dir='ltr'>confessionibus,</span> <span class='ocrx_word' id='word_1_90' title='bbox 2757 1430 2822 1476; x_wconf 90' lang='lat' dir='ltr'>ut</span> <span class='ocrx_word' id='word_1_91' title='bbox 2863 1419 2965 1495; x_wconf 90' lang='lat' dir='ltr'>qui</span> <span class='ocrx_word' id='word_1_92' title='bbox 3002 1420 3195 1478; x_wconf 86' lang='lat' dir='ltr'>norint</span> <span class='ocrx_word' id='word_1_93' title='bbox 3230 1421 3585 1498; x_wconf 83' lang='lat' dir='ltr'>distinguere</span> 
     </span>
     <span class='ocr_line' id='line_1_11' title="bbox 853 1508 3584 1594; baseline -0.001 -20"><span class='ocrx_word' id='word_1_94' title='bbox 853 1519 1067 1594; x_wconf 87' lang='lat' dir='ltr'>lepram</span> <span class='ocrx_word' id='word_1_95' title='bbox 1107 1537 1142 1573; x_wconf 87' lang='lat' dir='ltr'>a</span> <span class='ocrx_word' id='word_1_96' title='bbox 1185 1534 1300 1572; x_wconf 91' lang='lat' dir='ltr'>non</span> <span class='ocrx_word' id='word_1_97' title='bbox 1341 1515 1531 1588; x_wconf 72' lang='lat' dir='ltr'>lepra:</span> <span class='ocrx_word' id='word_1_98' title='bbox 1574 1522 1629 1569; x_wconf 91' lang='lat' dir='ltr'>et</span> <span class='ocrx_word' id='word_1_99' title='bbox 1671 1510 1750 1568; x_wconf 89' lang='lat' dir='ltr'>ita</span> <span class='ocrx_word' id='word_1_100' title='bbox 1791 1511 1862 1568; x_wconf 90' lang='lat' dir='ltr'>de</span> <span class='ocrx_word' id='word_1_101' title='bbox 1905 1509 2150 1586; x_wconf 88' lang='lat' dir='ltr'>peccatis</span> <span class='ocrx_word' id='word_1_102' title='bbox 2194 1508 2497 1582; x_wconf 86' lang='lat' dir='ltr'>inquirere,</span> <span class='ocrx_word' id='word_1_103' title='bbox 2541 1528 2615 1567; x_wconf 90' lang='lat' dir='ltr'>ne</span> <span class='ocrx_word' id='word_1_104' title='bbox 2660 1509 3044 1568; x_wconf 88' lang='lat' dir='ltr'>scandalizent</span> <span class='ocrx_word' id='word_1_105' title='bbox 3090 1513 3365 1588; x_wconf 85' lang='lat' dir='ltr'>pusillos:</span> <span class='ocrx_word' id='word_1_106' title='bbox 3410 1525 3469 1571; x_wconf 89' lang='lat' dir='ltr'>et</span> <span class='ocrx_word' id='word_1_107' title='bbox 3511 1536 3584 1572; x_wconf 88' lang='lat' dir='ltr'>an</span> 
     </span>
     <span class='ocr_line' id='line_1_12' title="bbox 855 1599 3584 1680; baseline -0.001 -13"><span class='ocrx_word' id='word_1_108' title='bbox 855 1608 1261 1667; x_wconf 82' lang='lat' dir='ltr'>satisfactiones</span> <span class='ocrx_word' id='word_1_109' title='bbox 1298 1604 1601 1680; x_wconf 90' lang='lat' dir='ltr'>injungant</span> <span class='ocrx_word' id='word_1_110' title='bbox 1637 1602 2032 1661; x_wconf 85' lang='lat' dir='ltr'>medicinales:</span> <span class='ocrx_word' id='word_1_111' title='bbox 2073 1622 2148 1658; x_wconf 91' lang='lat' dir='ltr'>an</span> <span class='ocrx_word' id='word_1_112' title='bbox 2188 1612 2437 1675; x_wconf 84' lang='lat' dir='ltr'>arguant</span> <span class='ocrx_word' id='word_1_113' title='bbox 2477 1600 2707 1678; x_wconf 84' lang='lat' dir='ltr'>publica</span> <span class='ocrx_word' id='word_1_114' title='bbox 2744 1612 2970 1676; x_wconf 84' lang='lat' dir='ltr'>peccata</span> <span class='ocrx_word' id='word_1_115' title='bbox 3002 1599 3248 1677; x_wconf 65' lang='lat' dir='ltr'>publice,</span> <span class='ocrx_word' id='word_1_116' title='bbox 3271 1615 3331 1661; x_wconf 90' lang='lat' dir='ltr'>et</span> <span class='ocrx_word' id='word_1_117' title='bbox 3366 1602 3584 1663; x_wconf 65' lang='lat' dir='ltr'>occulte</span> 
     </span>
     <span class='ocr_line' id='line_1_13' title="bbox 856 1693 1976 1775; baseline -0.009 -16"><span class='ocrx_word' id='word_1_118' title='bbox 856 1702 1247 1775; x_wconf 87' lang='lat' dir='ltr'>delinquentes</span> <span class='ocrx_word' id='word_1_119' title='bbox 1273 1698 1334 1753; x_wconf 90' lang='lat' dir='ltr'>in</span> <span class='ocrx_word' id='word_1_120' title='bbox 1364 1695 1582 1771; x_wconf 59' lang='lat' dir='ltr'>privata</span> <span class='ocrx_word' id='word_1_121' title='bbox 1612 1693 1976 1751; x_wconf 82' lang='lat' dir='ltr'>confessione.</span> 
     </span>
    </p>

    <p class='ocr_par' dir='ltr' id='par_1_5' title="bbox 855 1783 3583 1955">
     <span class='ocr_line' id='line_1_14' title="bbox 935 1783 3583 1855; baseline -0.002 -5"><span class='ocrx_word' id='word_1_122' title='bbox 935 1793 1031 1850; x_wconf 86' lang='lat' dir='ltr'>An</span> <span class='ocrx_word' id='word_1_123' title='bbox 1059 1786 1573 1848; x_wconf 77' lang='lat' dir='ltr'>excommunicatos</span> <span class='ocrx_word' id='word_1_124' title='bbox 1601 1786 1915 1843; x_wconf 90' lang='lat' dir='ltr'>secundum</span> <span class='ocrx_word' id='word_1_125' title='bbox 1946 1804 2194 1842; x_wconf 90' lang='lat' dir='ltr'>canones</span> <span class='ocrx_word' id='word_1_126' title='bbox 2231 1804 2419 1841; x_wconf 89' lang='lat' dir='ltr'>sacros</span> <span class='ocrx_word' id='word_1_127' title='bbox 2445 1785 2646 1851; x_wconf 85' lang='lat' dir='ltr'>vitent,</span> <span class='ocrx_word' id='word_1_128' title='bbox 2674 1794 2732 1842; x_wconf 86' lang='lat' dir='ltr'>et</span> <span class='ocrx_word' id='word_1_129' title='bbox 2765 1785 2837 1841; x_wconf 90' lang='lat' dir='ltr'>ab</span> <span class='ocrx_word' id='word_1_130' title='bbox 2865 1783 3127 1843; x_wconf 89' lang='lat' dir='ltr'>omnibus</span> <span class='ocrx_word' id='word_1_131' title='bbox 3157 1787 3328 1844; x_wconf 81' lang='lat' dir='ltr'>vitari</span> <span class='ocrx_word' id='word_1_132' title='bbox 3358 1788 3583 1855; x_wconf 88' lang='lat' dir='ltr'>faciant,</span> 
     </span>
     <span class='ocr_line' id='line_1_15' title="bbox 855 1876 2960 1955; baseline -0.005 -12"><span class='ocrx_word' id='word_1_133' title='bbox 855 1896 910 1943; x_wconf 92' lang='lat' dir='ltr'>et</span> <span class='ocrx_word' id='word_1_134' title='bbox 936 1903 1032 1943; x_wconf 88' lang='lat' dir='ltr'>eos</span> <span class='ocrx_word' id='word_1_135' title='bbox 1060 1904 1094 1941; x_wconf 91' lang='lat' dir='ltr'>a</span> <span class='ocrx_word' id='word_1_136' title='bbox 1122 1881 1349 1940; x_wconf 90' lang='lat' dir='ltr'>nemine</span> <span class='ocrx_word' id='word_1_137' title='bbox 1376 1878 1554 1955; x_wconf 89' lang='lat' dir='ltr'>recipi</span> <span class='ocrx_word' id='word_1_138' title='bbox 1583 1878 1641 1935; x_wconf 90' lang='lat' dir='ltr'>in</span> <span class='ocrx_word' id='word_1_139' title='bbox 1671 1878 2019 1935; x_wconf 88' lang='lat' dir='ltr'>consortium</span> <span class='ocrx_word' id='word_1_140' title='bbox 2046 1879 2138 1935; x_wconf 84' lang='lat' dir='ltr'>vel</span> <span class='ocrx_word' id='word_1_141' title='bbox 2166 1876 2613 1936; x_wconf 85' lang='lat' dir='ltr'>familiaritatem</span> <span class='ocrx_word' id='word_1_142' title='bbox 2641 1887 2960 1953; x_wconf 87' lang='lat' dir='ltr'>procurent.</span> 
     </span>
    </p>

    <p class='ocr_par' dir='ltr' id='par_1_6' title="bbox 857 1967 3581 2233">
     <span class='ocr_line' id='line_1_16' title="bbox 937 1967 3581 2047; baseline -0.001 -15"><span class='ocrx_word' id='word_1_143' title='bbox 937 1976 1030 2032; x_wconf 88' lang='lat' dir='ltr'>An</span> <span class='ocrx_word' id='word_1_144' title='bbox 1059 1975 1252 2040; x_wconf 88' lang='lat' dir='ltr'>sciant,</span> <span class='ocrx_word' id='word_1_145' title='bbox 1285 1971 1571 2047; x_wconf 87' lang='lat' dir='ltr'>quomodo</span> <span class='ocrx_word' id='word_1_146' title='bbox 1609 1969 1951 2028; x_wconf 88' lang='lat' dir='ltr'>instantibus</span> <span class='ocrx_word' id='word_1_147' title='bbox 1986 1979 2238 2044; x_wconf 88' lang='lat' dir='ltr'>quatuor</span> <span class='ocrx_word' id='word_1_148' title='bbox 2274 1970 2643 2047; x_wconf 83' lang='lat' dir='ltr'>temporibus,</span> <span class='ocrx_word' id='word_1_149' title='bbox 2692 1968 2840 2025; x_wconf 67' lang='lat' dir='ltr'>trina</span> <span class='ocrx_word' id='word_1_150' title='bbox 2882 1967 3323 2044; x_wconf 87' lang='lat' dir='ltr'>proclamatione</span> <span class='ocrx_word' id='word_1_151' title='bbox 3364 1971 3581 2029; x_wconf 91' lang='lat' dir='ltr'>denun-</span> 
     </span>
     <span class='ocr_line' id='line_1_17' title="bbox 857 2060 3581 2140; baseline -0.001 -17"><span class='ocrx_word' id='word_1_152' title='bbox 857 2066 1003 2124; x_wconf 91' lang='lat' dir='ltr'>ciare</span> <span class='ocrx_word' id='word_1_153' title='bbox 1030 2066 1268 2125; x_wconf 85' lang='lat' dir='ltr'>debeant</span> <span class='ocrx_word' id='word_1_154' title='bbox 1297 2064 1511 2140; x_wconf 89' lang='lat' dir='ltr'>populo</span> <span class='ocrx_word' id='word_1_155' title='bbox 1546 2062 1777 2120; x_wconf 88' lang='lat' dir='ltr'>clericos</span> <span class='ocrx_word' id='word_1_156' title='bbox 1814 2061 2066 2134; x_wconf 90' lang='lat' dir='ltr'>ejusdem</span> <span class='ocrx_word' id='word_1_157' title='bbox 2109 2061 2408 2136; x_wconf 84' lang='lat' dir='ltr'>parochiae,</span> <span class='ocrx_word' id='word_1_158' title='bbox 2434 2061 2536 2135; x_wconf 90' lang='lat' dir='ltr'>qui</span> <span class='ocrx_word' id='word_1_159' title='bbox 2567 2060 2747 2117; x_wconf 87' lang='lat' dir='ltr'>velint</span> <span class='ocrx_word' id='word_1_160' title='bbox 2773 2060 2848 2117; x_wconf 87' lang='lat' dir='ltr'>ad</span> <span class='ocrx_word' id='word_1_161' title='bbox 2887 2079 3072 2118; x_wconf 88' lang='lat' dir='ltr'>sacros</span> <span class='ocrx_word' id='word_1_162' title='bbox 3098 2060 3329 2119; x_wconf 88' lang='lat' dir='ltr'>ordines</span> <span class='ocrx_word' id='word_1_163' title='bbox 3357 2081 3581 2139; x_wconf 89' lang='lat' dir='ltr'>promo-</span> 
     </span>
     <span class='ocr_line' id='line_1_18' title="bbox 858 2151 2317 2233; baseline -0.004 -18"><span class='ocrx_word' id='word_1_164' title='bbox 858 2158 994 2225; x_wconf 87' lang='lat' dir='ltr'>veri,</span> <span class='ocrx_word' id='word_1_165' title='bbox 1022 2158 1094 2215; x_wconf 90' lang='lat' dir='ltr'>ad</span> <span class='ocrx_word' id='word_1_166' title='bbox 1122 2156 1479 2233; x_wconf 86' lang='lat' dir='ltr'>percipienda</span> <span class='ocrx_word' id='word_1_167' title='bbox 1505 2153 1925 2230; x_wconf 89' lang='lat' dir='ltr'>impedimenta,</span> <span class='ocrx_word' id='word_1_168' title='bbox 1955 2153 2002 2210; x_wconf 91' lang='lat' dir='ltr'>si</span> <span class='ocrx_word' id='word_1_169' title='bbox 2025 2172 2158 2227; x_wconf 84' lang='lat' dir='ltr'>quae</span> <span class='ocrx_word' id='word_1_170' title='bbox 2187 2151 2317 2209; x_wconf 87' lang='lat' dir='ltr'>sint.</span> 
     </span>
    </p>

    <p class='ocr_par' dir='ltr' id='par_1_7' title="bbox 854 2240 3579 2599">
     <span class='ocr_line' id='line_1_19' title="bbox 936 2240 3579 2321; baseline -0.002 -15"><span class='ocrx_word' id='word_1_171' title='bbox 936 2249 1034 2306; x_wconf 89' lang='lat' dir='ltr'>An</span> <span class='ocrx_word' id='word_1_172' title='bbox 1063 2258 1473 2306; x_wconf 89' lang='lat' dir='ltr'>sacramentum</span> <span class='ocrx_word' id='word_1_173' title='bbox 1512 2245 1797 2304; x_wconf 89' lang='lat' dir='ltr'>unctionis</span> <span class='ocrx_word' id='word_1_174' title='bbox 1824 2255 2088 2302; x_wconf 85' lang='lat' dir='ltr'>extremae</span> <span class='ocrx_word' id='word_1_175' title='bbox 2128 2262 2260 2300; x_wconf 90' lang='lat' dir='ltr'>cum</span> <span class='ocrx_word' id='word_1_176' title='bbox 2291 2240 2667 2300; x_wconf 88' lang='lat' dir='ltr'>Orationibus</span> <span class='ocrx_word' id='word_1_177' title='bbox 2708 2253 2765 2299; x_wconf 91' lang='lat' dir='ltr'>et</span> <span class='ocrx_word' id='word_1_178' title='bbox 2795 2241 3062 2309; x_wconf 76' lang='lat' dir='ltr'>LitaniiS,</span> <span class='ocrx_word' id='word_1_179' title='bbox 3083 2244 3251 2317; x_wconf 84' lang='lat' dir='ltr'>juxta</span> <span class='ocrx_word' id='word_1_180' title='bbox 3289 2245 3579 2321; x_wconf 86' lang='lat' dir='ltr'>agendum</span> 
     </span>
     <span class='ocr_line' id='line_1_20' title="bbox 854 2332 3575 2415; baseline -0.002 -16"><span class='ocrx_word' id='word_1_181' title='bbox 854 2341 1117 2407; x_wconf 85' lang='lat' dir='ltr'>ecclesiae,</span> <span class='ocrx_word' id='word_1_182' title='bbox 1144 2340 1373 2414; x_wconf 67' lang='lat' dir='ltr'>:egrotis</span> <span class='ocrx_word' id='word_1_183' title='bbox 1404 2337 1758 2415; x_wconf 85' lang='lat' dir='ltr'>impertiant:</span> <span class='ocrx_word' id='word_1_184' title='bbox 1800 2347 1855 2392; x_wconf 89' lang='lat' dir='ltr'>et</span> <span class='ocrx_word' id='word_1_185' title='bbox 1882 2357 1957 2393; x_wconf 88' lang='lat' dir='ltr'>an</span> <span class='ocrx_word' id='word_1_186' title='bbox 1986 2336 2100 2393; x_wconf 90' lang='lat' dir='ltr'>sint</span> <span class='ocrx_word' id='word_1_187' title='bbox 2130 2354 2202 2391; x_wconf 86' lang='lat' dir='ltr'>ex</span> <span class='ocrx_word' id='word_1_188' title='bbox 2232 2353 2430 2390; x_wconf 89' lang='lat' dir='ltr'>eorum</span> <span class='ocrx_word' id='word_1_189' title='bbox 2460 2333 2829 2410; x_wconf 80' lang='lat' dir='ltr'>parochianiS,</span> <span class='ocrx_word' id='word_1_190' title='bbox 2856 2332 2956 2409; x_wconf 90' lang='lat' dir='ltr'>qui</span> <span class='ocrx_word' id='word_1_191' title='bbox 2987 2333 3132 2391; x_wconf 90' lang='lat' dir='ltr'>illud</span> <span class='ocrx_word' id='word_1_192' title='bbox 3161 2349 3575 2396; x_wconf 89' lang='lat' dir='ltr'>sacramentum</span> 
     </span>
     <span class='ocr_line' id='line_1_21' title="bbox 856 2423 3579 2500; baseline -0.001 -12"><span class='ocrx_word' id='word_1_193' title='bbox 856 2441 1250 2489; x_wconf 87' lang='lat' dir='ltr'>contemnant:</span> <span class='ocrx_word' id='word_1_194' title='bbox 1292 2441 1349 2486; x_wconf 91' lang='lat' dir='ltr'>et</span> <span class='ocrx_word' id='word_1_195' title='bbox 1373 2450 1446 2486; x_wconf 91' lang='lat' dir='ltr'>an</span> <span class='ocrx_word' id='word_1_196' title='bbox 1474 2428 1672 2494; x_wconf 89' lang='lat' dir='ltr'>sciant,</span> <span class='ocrx_word' id='word_1_197' title='bbox 1702 2427 1962 2485; x_wconf 86' lang='lat' dir='ltr'>infirmos</span> <span class='ocrx_word' id='word_1_198' title='bbox 1989 2446 2060 2484; x_wconf 85' lang='lat' dir='ltr'>ex</span> <span class='ocrx_word' id='word_1_199' title='bbox 2088 2424 2383 2500; x_wconf 86' lang='lat' dir='ltr'>scripturis</span> <span class='ocrx_word' id='word_1_200' title='bbox 2417 2423 2712 2491; x_wconf 88' lang='lat' dir='ltr'>consolari,</span> <span class='ocrx_word' id='word_1_201' title='bbox 2740 2435 2797 2480; x_wconf 88' lang='lat' dir='ltr'>et</span> <span class='ocrx_word' id='word_1_202' title='bbox 2836 2444 2870 2480; x_wconf 91' lang='lat' dir='ltr'>a</span> <span class='ocrx_word' id='word_1_203' title='bbox 2909 2423 3059 2481; x_wconf 92' lang='lat' dir='ltr'>curis</span> <span class='ocrx_word' id='word_1_204' title='bbox 3102 2426 3471 2486; x_wconf 62' lang='lat' dir='ltr'>saecularibus</span> <span class='ocrx_word' id='word_1_205' title='bbox 3510 2429 3579 2486; x_wconf 86' lang='lat' dir='ltr'>ad</span> 
     </span>
     <span class='ocr_line' id='line_1_22' title="bbox 859 2520 1759 2599; baseline -0.004 -19"><span class='ocrx_word' id='word_1_206' title='bbox 859 2543 1017 2599; x_wconf 89' lang='lat' dir='ltr'>spem</span> <span class='ocrx_word' id='word_1_207' title='bbox 1045 2524 1243 2581; x_wconf 87' lang='lat' dir='ltr'>salutis</span> <span class='ocrx_word' id='word_1_208' title='bbox 1273 2534 1498 2581; x_wconf 85' lang='lat' dir='ltr'>aeternae</span> <span class='ocrx_word' id='word_1_209' title='bbox 1524 2520 1759 2596; x_wconf 87' lang='lat' dir='ltr'>erigere.</span> 
     </span>
    </p>

    <p class='ocr_par' dir='ltr' id='par_1_8' title="bbox 856 2608 3577 2854">
     <span class='ocr_line' id='line_1_23' title="bbox 938 2608 3575 2687; baseline -0.001 -14"><span class='ocrx_word' id='word_1_210' title='bbox 938 2616 1036 2673; x_wconf 89' lang='lat' dir='ltr'>An</span> <span class='ocrx_word' id='word_1_211' title='bbox 1078 2616 1319 2673; x_wconf 81' lang='lat' dir='ltr'>habeant</span> <span class='ocrx_word' id='word_1_212' title='bbox 1360 2614 1658 2670; x_wconf 87' lang='lat' dir='ltr'>redeuntes</span> <span class='ocrx_word' id='word_1_213' title='bbox 1698 2613 1772 2669; x_wconf 95' lang='lat' dir='ltr'>ab</span> <span class='ocrx_word' id='word_1_214' title='bbox 1808 2623 2026 2687; x_wconf 83' lang='lat' dir='ltr'>aegroto</span> <span class='ocrx_word' id='word_1_215' title='bbox 2053 2608 2613 2667; x_wconf 86' lang='lat' dir='ltr'>adhortatiunculam</span> <span class='ocrx_word' id='word_1_216' title='bbox 2639 2608 2711 2665; x_wconf 88' lang='lat' dir='ltr'>ad</span> <span class='ocrx_word' id='word_1_217' title='bbox 2740 2608 3103 2666; x_wconf 85' lang='lat' dir='ltr'>comitantem</span> <span class='ocrx_word' id='word_1_218' title='bbox 3132 2611 3575 2678; x_wconf 89' lang='lat' dir='ltr'>multitudinem,</span> 
     </span>
     <span class='ocr_line' id='line_1_24' title="bbox 856 2700 3577 2780; baseline 0 -17"><span class='ocrx_word' id='word_1_219' title='bbox 856 2726 972 2780; x_wconf 86' lang='lat' dir='ltr'>qua</span> <span class='ocrx_word' id='word_1_220' title='bbox 998 2706 1344 2763; x_wconf 83' lang='lat' dir='ltr'>infirmitatis</span> <span class='ocrx_word' id='word_1_221' title='bbox 1369 2706 1649 2771; x_wconf 62' lang='lat' dir='ltr'>humanae,</span> <span class='ocrx_word' id='word_1_222' title='bbox 1678 2714 1750 2770; x_wconf 90' lang='lat' dir='ltr'>et,</span> <span class='ocrx_word' id='word_1_223' title='bbox 1778 2714 1846 2759; x_wconf 92' lang='lat' dir='ltr'>ut</span> <span class='ocrx_word' id='word_1_224' title='bbox 1886 2721 1992 2778; x_wconf 87' lang='lat' dir='ltr'>pro</span> <span class='ocrx_word' id='word_1_225' title='bbox 2033 2702 2321 2759; x_wconf 88' lang='lat' dir='ltr'>laborante</span> <span class='ocrx_word' id='word_1_226' title='bbox 2362 2700 2424 2757; x_wconf 89' lang='lat' dir='ltr'>in</span> <span class='ocrx_word' id='word_1_227' title='bbox 2465 2700 2729 2757; x_wconf 82' lang='lat' dir='ltr'>extremis</span> <span class='ocrx_word' id='word_1_228' title='bbox 2756 2700 3020 2758; x_wconf 88' lang='lat' dir='ltr'>studeant</span> <span class='ocrx_word' id='word_1_229' title='bbox 3049 2701 3363 2762; x_wconf 86' lang='lat' dir='ltr'>ferventius</span> <span class='ocrx_word' id='word_1_230' title='bbox 3405 2725 3577 2771; x_wconf 88' lang='lat' dir='ltr'>orare,</span> 
     </span>
     <span class='ocr_line' id='line_1_25' title="bbox 858 2798 1288 2854; baseline 0 0"><span class='ocrx_word' id='word_1_231' title='bbox 858 2798 1288 2854; x_wconf 88' lang='lat' dir='ltr'>admoneantur.</span> 
     </span>
    </p>

    <p class='ocr_par' dir='ltr' id='par_1_9' title="bbox 853 2884 3576 3150">
     <span class='ocr_line' id='line_1_26' title="bbox 940 2884 3576 2962; baseline -0.001 -16"><span class='ocrx_word' id='word_1_232' title='bbox 940 2890 1039 2946; x_wconf 91' lang='lat' dir='ltr'>An</span> <span class='ocrx_word' id='word_1_233' title='bbox 1066 2890 1301 2946; x_wconf 89' lang='lat' dir='ltr'>doceant</span> <span class='ocrx_word' id='word_1_234' title='bbox 1329 2887 1695 2946; x_wconf 88' lang='lat' dir='ltr'>matrimonio</span> <span class='ocrx_word' id='word_1_235' title='bbox 1724 2885 2000 2962; x_wconf 86' lang='lat' dir='ltr'>conjungi</span> <span class='ocrx_word' id='word_1_236' title='bbox 2027 2885 2369 2952; x_wconf 87' lang='lat' dir='ltr'>affectantes,</span> <span class='ocrx_word' id='word_1_237' title='bbox 2396 2905 2513 2960; x_wconf 88' lang='lat' dir='ltr'>qua</span> <span class='ocrx_word' id='word_1_238' title='bbox 2542 2884 2815 2961; x_wconf 85' lang='lat' dir='ltr'>religione</span> <span class='ocrx_word' id='word_1_239' title='bbox 2854 2894 2910 2942; x_wconf 89' lang='lat' dir='ltr'>et</span> <span class='ocrx_word' id='word_1_240' title='bbox 2951 2885 3061 2942; x_wconf 83' lang='lat' dir='ltr'>fide</span> <span class='ocrx_word' id='word_1_241' title='bbox 3101 2887 3165 2944; x_wconf 91' lang='lat' dir='ltr'>in</span> <span class='ocrx_word' id='word_1_242' title='bbox 3192 2888 3424 2946; x_wconf 89' lang='lat' dir='ltr'>Christo</span> <span class='ocrx_word' id='word_1_243' title='bbox 3450 2906 3576 2944; x_wconf 89' lang='lat' dir='ltr'>con-</span> 
     </span>
     <span class='ocr_line' id='line_1_27' title="bbox 853 2977 3576 3056; baseline 0 -18"><span class='ocrx_word' id='word_1_244' title='bbox 853 2981 1025 3056; x_wconf 87' lang='lat' dir='ltr'>jungi</span> <span class='ocrx_word' id='word_1_245' title='bbox 1066 2982 1321 3038; x_wconf 88' lang='lat' dir='ltr'>debeant.</span> <span class='ocrx_word' id='word_1_246' title='bbox 1404 2981 1483 3037; x_wconf 89' lang='lat' dir='ltr'>Et</span> <span class='ocrx_word' id='word_1_247' title='bbox 1523 3000 1599 3038; x_wconf 90' lang='lat' dir='ltr'>an</span> <span class='ocrx_word' id='word_1_248' title='bbox 1639 2980 1877 3038; x_wconf 89' lang='lat' dir='ltr'>tolerent</span> <span class='ocrx_word' id='word_1_249' title='bbox 1918 2977 2269 3035; x_wconf 87' lang='lat' dir='ltr'>clandestina</span> <span class='ocrx_word' id='word_1_250' title='bbox 2305 2978 2695 3035; x_wconf 88' lang='lat' dir='ltr'>matrimonia:</span> <span class='ocrx_word' id='word_1_251' title='bbox 2736 2987 2792 3034; x_wconf 91' lang='lat' dir='ltr'>et</span> <span class='ocrx_word' id='word_1_252' title='bbox 2833 2996 2908 3033; x_wconf 93' lang='lat' dir='ltr'>an</span> <span class='ocrx_word' id='word_1_253' title='bbox 2950 2977 3187 3035; x_wconf 90' lang='lat' dir='ltr'>doceant</span> <span class='ocrx_word' id='word_1_254' title='bbox 3213 2982 3576 3055; x_wconf 85' lang='lat' dir='ltr'>copulandos,</span> 
     </span>
     <span class='ocr_line' id='line_1_28' title="bbox 860 3069 2800 3150; baseline -0.002 -21"><span class='ocrx_word' id='word_1_255' title='bbox 860 3074 1013 3149; x_wconf 90' lang='lat' dir='ltr'>quod</span> <span class='ocrx_word' id='word_1_256' title='bbox 1042 3093 1157 3131; x_wconf 91' lang='lat' dir='ltr'>non</span> <span class='ocrx_word' id='word_1_257' title='bbox 1180 3074 1515 3150; x_wconf 85' lang='lat' dir='ltr'>jungantur,</span> <span class='ocrx_word' id='word_1_258' title='bbox 1544 3072 1658 3130; x_wconf 89' lang='lat' dir='ltr'>nisi</span> <span class='ocrx_word' id='word_1_259' title='bbox 1685 3073 1753 3129; x_wconf 87' lang='lat' dir='ltr'>de</span> <span class='ocrx_word' id='word_1_260' title='bbox 1783 3081 2086 3149; x_wconf 85' lang='lat' dir='ltr'>parentum</span> <span class='ocrx_word' id='word_1_261' title='bbox 2117 3083 2176 3128; x_wconf 91' lang='lat' dir='ltr'>et</span> <span class='ocrx_word' id='word_1_262' title='bbox 2201 3072 2519 3128; x_wconf 89' lang='lat' dir='ltr'>amicorum</span> <span class='ocrx_word' id='word_1_263' title='bbox 2549 3069 2800 3127; x_wconf 78' lang='lat' dir='ltr'>consilio,</span> 
     </span>
    </p>

    <p class='ocr_par' dir='ltr' id='par_1_10' title="bbox 863 3162 3576 3317">
     <span class='ocr_line' id='line_1_29' title="bbox 939 3162 3576 3242; baseline -0.001 -18"><span class='ocrx_word' id='word_1_264' title='bbox 939 3167 1036 3237; x_wconf 89' lang='lat' dir='ltr'>An</span> <span class='ocrx_word' id='word_1_265' title='bbox 1071 3166 1418 3242; x_wconf 67' lang='lat' dir='ltr'>praemittant</span> <span class='ocrx_word' id='word_1_266' title='bbox 1455 3165 1941 3241; x_wconf 87' lang='lat' dir='ltr'>proclamationes,</span> <span class='ocrx_word' id='word_1_267' title='bbox 1985 3163 2056 3220; x_wconf 86' lang='lat' dir='ltr'>ad</span> <span class='ocrx_word' id='word_1_268' title='bbox 2100 3162 2403 3220; x_wconf 89' lang='lat' dir='ltr'>minimum</span> <span class='ocrx_word' id='word_1_269' title='bbox 2446 3172 2575 3229; x_wconf 87' lang='lat' dir='ltr'>tres,</span> <span class='ocrx_word' id='word_1_270' title='bbox 2605 3162 2787 3219; x_wconf 89' lang='lat' dir='ltr'>tribus</span> <span class='ocrx_word' id='word_1_271' title='bbox 2819 3162 3019 3220; x_wconf 90' lang='lat' dir='ltr'>diebus</span> <span class='ocrx_word' id='word_1_272' title='bbox 3060 3163 3233 3232; x_wconf 87' lang='lat' dir='ltr'>festis,</span> <span class='ocrx_word' id='word_1_273' title='bbox 3265 3184 3369 3242; x_wconf 87' lang='lat' dir='ltr'>per</span> <span class='ocrx_word' id='word_1_274' title='bbox 3409 3166 3576 3224; x_wconf 89' lang='lat' dir='ltr'>inter·</span> 
     </span>
     <span class='ocr_line' id='line_1_30' title="bbox 863 3258 1692 3317; baseline 0 -2"><span class='ocrx_word' id='word_1_275' title='bbox 863 3260 1079 3316; x_wconf 83' lang='lat' dir='ltr'>vallum</span> <span class='ocrx_word' id='word_1_276' title='bbox 1108 3259 1216 3317; x_wconf 89' lang='lat' dir='ltr'>sibi</span> <span class='ocrx_word' id='word_1_277' title='bbox 1244 3258 1692 3316; x_wconf 87' lang='lat' dir='ltr'>succedentibus.</span> 
     </span>
    </p>

    <p class='ocr_par' dir='ltr' id='par_1_11' title="bbox 852 3347 3576 3517">
     <span class='ocr_line' id='line_1_31' title="bbox 940 3347 3576 3425; baseline -0.001 -17"><span class='ocrx_word' id='word_1_278' title='bbox 940 3351 1038 3408; x_wconf 89' lang='lat' dir='ltr'>An</span> <span class='ocrx_word' id='word_1_279' title='bbox 1065 3350 1275 3418; x_wconf 89' lang='lat' dir='ltr'>norint,</span> <span class='ocrx_word' id='word_1_280' title='bbox 1302 3364 1447 3425; x_wconf 68' lang='lat' dir='ltr'>qua?</span> <span class='ocrx_word' id='word_1_281' title='bbox 1459 3350 1573 3407; x_wconf 90' lang='lat' dir='ltr'>sint</span> <span class='ocrx_word' id='word_1_282' title='bbox 1600 3349 2022 3425; x_wconf 89' lang='lat' dir='ltr'>impedimenta,</span> <span class='ocrx_word' id='word_1_283' title='bbox 2051 3368 2180 3424; x_wconf 85' lang='lat' dir='ltr'>quae</span> <span class='ocrx_word' id='word_1_284' title='bbox 2209 3348 2511 3425; x_wconf 89' lang='lat' dir='ltr'>prohibent</span> <span class='ocrx_word' id='word_1_285' title='bbox 2538 3347 3007 3415; x_wconf 85' lang='lat' dir='ltr'>contrahendum,</span> <span class='ocrx_word' id='word_1_286' title='bbox 3036 3359 3093 3405; x_wconf 90' lang='lat' dir='ltr'>et</span> <span class='ocrx_word' id='word_1_287' title='bbox 3132 3369 3263 3425; x_wconf 79' lang='lat' dir='ltr'>quae</span> <span class='ocrx_word' id='word_1_288' title='bbox 3302 3352 3576 3410; x_wconf 89' lang='lat' dir='ltr'>dirimunt</span> 
     </span>
     <span class='ocr_line' id='line_1_32' title="bbox 852 3442 1822 3517; baseline -0.001 -17"><span class='ocrx_word' id='word_1_289' title='bbox 852 3443 972 3517; x_wconf 91' lang='lat' dir='ltr'>jam</span> <span class='ocrx_word' id='word_1_290' title='bbox 998 3455 1348 3502; x_wconf 88' lang='lat' dir='ltr'>contractum</span> <span class='ocrx_word' id='word_1_291' title='bbox 1376 3442 1822 3501; x_wconf 87' lang='lat' dir='ltr'>matrimonium.</span> 
     </span>
    </p>

    <p class='ocr_par' dir='ltr' id='par_1_12' title="bbox 859 3534 3574 3704">
     <span class='ocr_line' id='line_1_33' title="bbox 941 3534 3574 3625; baseline -0 -34"><span class='ocrx_word' id='word_1_292' title='bbox 941 3535 1018 3591; x_wconf 86' lang='lat' dir='ltr'>Et</span> <span class='ocrx_word' id='word_1_293' title='bbox 1060 3556 1134 3592; x_wconf 99' lang='lat' dir='ltr'>an</span> <span class='ocrx_word' id='word_1_294' title='bbox 1182 3534 1362 3591; x_wconf 89' lang='lat' dir='ltr'>sciant</span> <span class='ocrx_word' id='word_1_295' title='bbox 1405 3555 1701 3593; x_wconf 90' lang='lat' dir='ltr'>numerare</span> <span class='ocrx_word' id='word_1_296' title='bbox 1746 3546 1994 3609; x_wconf 91' lang='lat' dir='ltr'>quatuor</span> <span class='ocrx_word' id='word_1_297' title='bbox 2033 3535 2242 3611; x_wconf 86' lang='lat' dir='ltr'>gradus</span> <span class='ocrx_word' id='word_1_298' title='bbox 2280 3534 2810 3610; x_wconf 78' lang='lat' dir='ltr'>consanguinitatiS,</span> <span class='ocrx_word' id='word_1_299' title='bbox 2838 3545 3086 3608; x_wconf 90' lang='lat' dir='ltr'>quatuor</span> <span class='ocrx_word' id='word_1_300' title='bbox 3125 3534 3326 3593; x_wconf 91' lang='lat' dir='ltr'>itidem</span> <span class='ocrx_word' id='word_1_301' title='bbox 3365 3535 3574 3625; x_wconf 81' lang='lat' dir='ltr'>gradus</span> 
     </span>
     <span class='ocr_line' id='line_1_34' title="bbox 859 3626 3071 3704; baseline -0.001 -19"><span class='ocrx_word' id='word_1_302' title='bbox 859 3627 1145 3685; x_wconf 86' lang='lat' dir='ltr'>affinitatis</span> <span class='ocrx_word' id='word_1_303' title='bbox 1169 3650 1181 3683; x_wconf 94' lang='lat'>:</span> <span class='ocrx_word' id='word_1_304' title='bbox 1223 3627 1375 3685; x_wconf 90' lang='lat' dir='ltr'>intra</span> <span class='ocrx_word' id='word_1_305' title='bbox 1399 3648 1545 3703; x_wconf 89' lang='lat' dir='ltr'>quos</span> <span class='ocrx_word' id='word_1_306' title='bbox 1570 3628 1879 3704; x_wconf 88' lang='lat' dir='ltr'>prohibitio</span> <span class='ocrx_word' id='word_1_307' title='bbox 1908 3627 2327 3702; x_wconf 88' lang='lat' dir='ltr'>conjunctionis</span> <span class='ocrx_word' id='word_1_308' title='bbox 2355 3626 2672 3701; x_wconf 83' lang='lat' dir='ltr'>conjugalis</span> <span class='ocrx_word' id='word_1_309' title='bbox 2699 3626 3071 3684; x_wconf 86' lang='lat' dir='ltr'>concluditur.</span> 
     </span>
    </p>

    <p class='ocr_par' dir='ltr' id='par_1_13' title="bbox 943 3717 3109 3795">
     <span class='ocr_line' id='line_1_35' title="bbox 943 3717 3109 3795; baseline 0 -21"><span class='ocrx_word' id='word_1_310' title='bbox 943 3718 1021 3775; x_wconf 86' lang='lat' dir='ltr'>Et</span> <span class='ocrx_word' id='word_1_311' title='bbox 1047 3740 1122 3777; x_wconf 88' lang='lat' dir='ltr'>an</span> <span class='ocrx_word' id='word_1_312' title='bbox 1151 3718 1349 3786; x_wconf 88' lang='lat' dir='ltr'>sciant,</span> <span class='ocrx_word' id='word_1_313' title='bbox 1378 3738 1494 3793; x_wconf 91' lang='lat' dir='ltr'>quo</span> <span class='ocrx_word' id='word_1_314' title='bbox 1522 3739 1581 3776; x_wconf 88' lang='lat' dir='ltr'>se</span> <span class='ocrx_word' id='word_1_315' title='bbox 1609 3719 1867 3794; x_wconf 88' lang='lat' dir='ltr'>porrigat</span> <span class='ocrx_word' id='word_1_316' title='bbox 1894 3719 2367 3793; x_wconf 83' lang='lat' dir='ltr'>impedimentum</span> <span class='ocrx_word' id='word_1_317' title='bbox 2395 3718 2753 3795; x_wconf 87' lang='lat' dir='ltr'>cognationis</span> <span class='ocrx_word' id='word_1_318' title='bbox 2781 3717 3109 3794; x_wconf 85' lang='lat' dir='ltr'>spiritualis.</span> 
     </span>
    </p>
   </div>
   <div class='ocr_carea' id='block_1_3' title="bbox 860 3806 3576 4442">
    <p class='ocr_par' dir='ltr' id='par_1_14' title="bbox 861 3806 3576 4050">
     <span class='ocr_line' id='line_1_36' title="bbox 940 3806 3575 3888; baseline 0 -23"><span class='ocrx_word' id='word_1_319' title='bbox 940 3810 1036 3867; x_wconf 91' lang='lat' dir='ltr'>An</span> <span class='ocrx_word' id='word_1_320' title='bbox 1080 3810 1251 3868; x_wconf 88' lang='lat' dir='ltr'>etiam</span> <span class='ocrx_word' id='word_1_321' title='bbox 1307 3808 1654 3868; x_wconf 71' lang='lat' dir='ltr'>clandestine</span> <span class='ocrx_word' id='word_1_322' title='bbox 1696 3810 2177 3877; x_wconf 89' lang='lat' dir='ltr'>contrahentibus,</span> <span class='ocrx_word' id='word_1_323' title='bbox 2220 3806 2495 3888; x_wconf 69' lang='lat' dir='ltr'>tantisper</span> <span class='ocrx_word' id='word_1_324' title='bbox 2538 3821 2886 3868; x_wconf 84' lang='lat' dir='ltr'>sacramenta</span> <span class='ocrx_word' id='word_1_325' title='bbox 2932 3822 3229 3887; x_wconf 86' lang='lat' dir='ltr'>negentur,</span> <span class='ocrx_word' id='word_1_326' title='bbox 3278 3811 3456 3868; x_wconf 91' lang='lat' dir='ltr'>donec</span> <span class='ocrx_word' id='word_1_327' title='bbox 3507 3809 3575 3865; x_wconf 87' lang='lat' dir='ltr'>ab</span> 
     </span>
     <span class='ocr_line' id='line_1_37' title="bbox 861 3900 3576 3978; baseline 0 -20"><span class='ocrx_word' id='word_1_328' title='bbox 861 3900 1442 3960; x_wconf 86' lang='lat' dir='ltr'>excommunicatione</span> <span class='ocrx_word' id='word_1_329' title='bbox 1497 3903 1877 3969; x_wconf 85' lang='lat' dir='ltr'>absolvantur,</span> <span class='ocrx_word' id='word_1_330' title='bbox 1935 3914 2107 3978; x_wconf 90' lang='lat' dir='ltr'>atque</span> <span class='ocrx_word' id='word_1_331' title='bbox 2160 3903 2243 3960; x_wconf 88' lang='lat' dir='ltr'>ita</span> <span class='ocrx_word' id='word_1_332' title='bbox 2298 3904 2360 3961; x_wconf 92' lang='lat' dir='ltr'>in</span> <span class='ocrx_word' id='word_1_333' title='bbox 2415 3902 2555 3960; x_wconf 86' lang='lat' dir='ltr'>facie</span> <span class='ocrx_word' id='word_1_334' title='bbox 2612 3904 2863 3961; x_wconf 86' lang='lat' dir='ltr'>ecclesiae</span> <span class='ocrx_word' id='word_1_335' title='bbox 2919 3902 3253 3962; x_wconf 83' lang='lat' dir='ltr'>sacramenti</span> <span class='ocrx_word' id='word_1_336' title='bbox 3305 3901 3576 3961; x_wconf 84' lang='lat' dir='ltr'>solemnia</span> 
     </span>
     <span class='ocr_line' id='line_1_38' title="bbox 862 3993 1159 4050; baseline -0.003 -1"><span class='ocrx_word' id='word_1_337' title='bbox 862 3993 1159 4050; x_wconf 89' lang='lat' dir='ltr'>celebrent.</span> 
     </span>
    </p>

    <p class='ocr_par' dir='ltr' id='par_1_15' title="bbox 860 4080 3573 4347">
     <span class='ocr_line' id='line_1_39' title="bbox 941 4080 3573 4166; baseline 0 -24"><span class='ocrx_word' id='word_1_338' title='bbox 941 4085 1036 4142; x_wconf 84' lang='lat' dir='ltr'>An</span> <span class='ocrx_word' id='word_1_339' title='bbox 1077 4084 1248 4142; x_wconf 88' lang='lat' dir='ltr'>etiam</span> <span class='ocrx_word' id='word_1_340' title='bbox 1290 4080 1595 4161; x_wconf 69' lang='lat' dir='ltr'>diligenter</span> <span class='ocrx_word' id='word_1_341' title='bbox 1634 4087 1929 4144; x_wconf 88' lang='lat' dir='ltr'>attendant</span> <span class='ocrx_word' id='word_1_342' title='bbox 1958 4088 2029 4145; x_wconf 89' lang='lat' dir='ltr'>ad</span> <span class='ocrx_word' id='word_1_343' title='bbox 2057 4087 2270 4144; x_wconf 88' lang='lat' dir='ltr'>incolas</span> <span class='ocrx_word' id='word_1_344' title='bbox 2297 4097 2354 4144; x_wconf 91' lang='lat' dir='ltr'>et</span> <span class='ocrx_word' id='word_1_345' title='bbox 2379 4088 2642 4155; x_wconf 82' lang='lat' dir='ltr'>advenas,</span> <span class='ocrx_word' id='word_1_346' title='bbox 2671 4087 2742 4146; x_wconf 93' lang='lat' dir='ltr'>de</span> <span class='ocrx_word' id='word_1_347' title='bbox 2781 4088 2991 4163; x_wconf 90' lang='lat' dir='ltr'>quibus</span> <span class='ocrx_word' id='word_1_348' title='bbox 3019 4100 3105 4146; x_wconf 86' lang='lat' dir='ltr'>est</span> <span class='ocrx_word' id='word_1_349' title='bbox 3131 4088 3394 4166; x_wconf 86' lang='lat' dir='ltr'>suspicio,</span> <span class='ocrx_word' id='word_1_350' title='bbox 3424 4084 3573 4162; x_wconf 92' lang='lat' dir='ltr'>quod</span> 
     </span>
     <span class='ocr_line' id='line_1_40' title="bbox 861 4176 3573 4253; baseline -0.001 -19"><span class='ocrx_word' id='word_1_351' title='bbox 861 4176 920 4234; x_wconf 94' lang='lat' dir='ltr'>in</span> <span class='ocrx_word' id='word_1_352' title='bbox 964 4176 1103 4234; x_wconf 88' lang='lat' dir='ltr'>facie</span> <span class='ocrx_word' id='word_1_353' title='bbox 1143 4177 1393 4234; x_wconf 86' lang='lat' dir='ltr'>ecclesiae</span> <span class='ocrx_word' id='word_1_354' title='bbox 1434 4196 1547 4234; x_wconf 93' lang='lat' dir='ltr'>non</span> <span class='ocrx_word' id='word_1_355' title='bbox 1589 4177 1702 4233; x_wconf 89' lang='lat' dir='ltr'>sint</span> <span class='ocrx_word' id='word_1_356' title='bbox 1744 4178 2065 4253; x_wconf 78' lang='lat' dir='ltr'>conjuncti3</span> <span class='ocrx_word' id='word_1_357' title='bbox 2108 4191 2174 4235; x_wconf 91' lang='lat' dir='ltr'>ut</span> <span class='ocrx_word' id='word_1_358' title='bbox 2215 4181 2356 4237; x_wconf 87' lang='lat' dir='ltr'>tales</span> <span class='ocrx_word' id='word_1_359' title='bbox 2397 4180 2674 4238; x_wconf 86' lang='lat' dir='ltr'>solemnes</span> <span class='ocrx_word' id='word_1_360' title='bbox 2711 4182 2856 4238; x_wconf 85' lang='lat' dir='ltr'>ritus</span> <span class='ocrx_word' id='word_1_361' title='bbox 2895 4180 2957 4238; x_wconf 89' lang='lat' dir='ltr'>in</span> <span class='ocrx_word' id='word_1_362' title='bbox 2998 4180 3238 4238; x_wconf 65' lang='lat' dir='ltr'>ecclesia</span> <span class='ocrx_word' id='word_1_363' title='bbox 3264 4180 3573 4238; x_wconf 86' lang='lat' dir='ltr'>celebrent:</span> 
     </span>
     <span class='ocr_line' id='line_1_41' title="bbox 860 4268 2340 4347; baseline 0.001 -20"><span class='ocrx_word' id='word_1_364' title='bbox 860 4281 958 4327; x_wconf 91' lang='lat' dir='ltr'>aut</span> <span class='ocrx_word' id='word_1_365' title='bbox 986 4268 1122 4327; x_wconf 88' lang='lat' dir='ltr'>alibi</span> <span class='ocrx_word' id='word_1_366' title='bbox 1151 4269 1210 4326; x_wconf 94' lang='lat' dir='ltr'>id</span> <span class='ocrx_word' id='word_1_367' title='bbox 1239 4268 1435 4327; x_wconf 88' lang='lat' dir='ltr'>fecisse</span> <span class='ocrx_word' id='word_1_368' title='bbox 1466 4289 1542 4335; x_wconf 91' lang='lat' dir='ltr'>se,</span> <span class='ocrx_word' id='word_1_369' title='bbox 1571 4268 1788 4327; x_wconf 89' lang='lat' dir='ltr'>idoneis</span> <span class='ocrx_word' id='word_1_370' title='bbox 1818 4272 2057 4329; x_wconf 89' lang='lat' dir='ltr'>testibus</span> <span class='ocrx_word' id='word_1_371' title='bbox 2086 4273 2340 4347; x_wconf 88' lang='lat' dir='ltr'>probent.</span> 
     </span>
    </p>

    <p class='ocr_par' dir='ltr' id='par_1_16' title="bbox 943 4359 3571 4442">
     <span class='ocr_line' id='line_1_42' title="bbox 943 4359 3571 4442; baseline -0.001 -22"><span class='ocrx_word' id='word_1_372' title='bbox 943 4363 1038 4420; x_wconf 91' lang='lat' dir='ltr'>An</span> <span class='ocrx_word' id='word_1_373' title='bbox 1081 4363 1271 4430; x_wconf 89' lang='lat' dir='ltr'>etiam,</span> <span class='ocrx_word' id='word_1_374' title='bbox 1298 4373 1579 4439; x_wconf 88' lang='lat' dir='ltr'>quantum</span> <span class='ocrx_word' id='word_1_375' title='bbox 1620 4362 1678 4419; x_wconf 91' lang='lat' dir='ltr'>in</span> <span class='ocrx_word' id='word_1_376' title='bbox 1720 4362 1803 4421; x_wconf 89' lang='lat' dir='ltr'>eis</span> <span class='ocrx_word' id='word_1_377' title='bbox 1842 4374 1943 4430; x_wconf 87' lang='lat' dir='ltr'>est,</span> <span class='ocrx_word' id='word_1_378' title='bbox 1973 4365 2329 4424; x_wconf 80' lang='lat' dir='ltr'>admonendo</span> <span class='ocrx_word' id='word_1_379' title='bbox 2365 4377 2582 4433; x_wconf 88' lang='lat' dir='ltr'>curent,</span> <span class='ocrx_word' id='word_1_380' title='bbox 2610 4377 2677 4424; x_wconf 91' lang='lat' dir='ltr'>ut</span> <span class='ocrx_word' id='word_1_381' title='bbox 2701 4366 2930 4442; x_wconf 89' lang='lat' dir='ltr'>quando</span> <span class='ocrx_word' id='word_1_382' title='bbox 2957 4367 3028 4424; x_wconf 81' lang='lat' dir='ltr'>ad</span> <span class='ocrx_word' id='word_1_383' title='bbox 3057 4363 3353 4423; x_wconf 89' lang='lat' dir='ltr'>ecclesiam</span> <span class='ocrx_word' id='word_1_384' title='bbox 3383 4359 3571 4419; x_wconf 89' lang='lat' dir='ltr'>matri·</span> 
     </span>
    </p>
   </div>
   <div class='ocr_carea' id='block_1_4' title="bbox 762 432 3671 4527">
    <p class='ocr_par' dir='ltr' id='par_1_17' title="bbox 762 432 3671 4527">
     <span class='ocr_line' id='line_1_43' title="bbox 762 432 3671 4527; baseline 0 0"><span class='ocrx_word' id='word_1_385' title='bbox 762 432 3671 4527; x_wconf 95' lang='lat' dir='ltr'> </span> 
     </span>
    </p>
   </div>
  </div>
 </body>
</html>
