3882 5037
785 453 937 522 250
1567 446 2336 526 appennis—econamum!
2365 447 2732 514 Bommznts.
3243 455 3432 528 [PAR-1-
3455 457 3504 514 1,

787 671 905 708 non
932 650 1042 708 nisi
1069 651 1132 708 in
1159 652 1374 725 templo
1402 651 1758 719 distribuant,
1787 662 1844 709 et
1871 652 1931 710 in
1963 653 2204 711 mundas
2231 654 2523 730 capsulast
2566 671 2751 728 neque
2776 651 2903 709 aliis
2939 652 3163 710 tradant
3190 653 3503 723 deferenda,

787 742 899 798 nisi
926 742 1029 815 qui
1056 741 1229 798 sacris
1256 741 1551 801 ordinibus
1578 743 1791 803 initiati
1827 744 2076 802 fuerint:
2118 745 2223 821 qui
2250 765 2320 802 ea
2356 745 2661 803 deferendo
2687 744 2770 802 ita
2808 763 2869 802 se
2894 757 3110 820 gerent,
3138 748 3505 821 quemadmo-

786 832 926 889 dum
955 827 1133 908 supra
1158 832 1327 892 titulo
1354 834 1604 893 secundo
1631 835 2043 893 ordinavimus.

865 942 956 982 xv.
997 924 1036 979 J
1038 945 1133 981 am
1172 924 1241 981 de
1282 926 1618 985 criminibus
1666 926 1930 1002 publicis,
1980 927 2364 1003 blasphemiis,
2406 926 2624 995 haeresi,
2664 936 2765 984 aut
2804 926 3032 984 haeresis
3072 929 3412 1005 suspicione,
3449 944 3506 990 et

783 1012 1236 1089 quibuscumque
1273 1017 1404 1075 aliis
1440 1018 1787 1076 scandalosis
1824 1017 2174 1085 criminibus,
2202 1014 2389 1078 butant
2417 1038 2519 1077 nos
2546 1018 2812 1076 certiores
2840 1018 3090 1086 reddant,
3118 1031 3176 1078 et
3201 1027 3429 1098 accepta
3469 1019 3508 1081 ὲ

786 1103 949 1162 nobis
995 1117 1268 1181 potestate
1312 1108 1774 1169 informationem
1810 1122 2037 1168 sumant
2061 1132 2075 1166 z
2123 1121 2293 1185 atque
2331 1110 2392 1168 in
2425 1110 2516 1168 his
2557 1120 2929 1187 cooperentur
2973 1108 3192 1175 uetanis
3236 1127 3505 1190 pastores,

788 1197 1073 1264 sacellani,
1105 1197 1320 1273 aliique
1349 1202 1727 1268 ecclesiastici,
1759 1213 1825 1260 ut
1849 1223 1981 1278 quae
2009 1212 2291 1261 noverunt
2316 1203 2569 1261 enormia
2594 1202 2850 1270 crimina,
2878 1202 3195 1271 manifesta,
3223 1205 3376 1274 dent,
3404 1219 3505 1264 aut

786 1303 854 1348 ut
878 1291 1252 1361 innotescant,
1276 1313 1379 1371 pro
1407 1294 1558 1352 virili
1585 1295 1936 1352 adlaborent.

867 1404 986 1443 xvi.
1027 1386 1310 1445 Praeterea
1335 1397 1393 1444 et
1418 1386 1479 1444 in
1506 1386 1611 1446 hoc
1640 1387 1879 1445 aderunt
1907 1385 2076 1444 nobis
2101 1381 2290 1445 berani
2319 1405 2424 1462 pro
2452 1385 2635 1444 officio
2661 1406 2767 1444 suo
2793 1395 2858 1443 ut
2895 1384 3139 1462 singulis
3178 1387 3344 1445 annis
3372 1388 3502 1446 visi·

785 1486 905 1534 tent
928 1467 1221 1541 Betauatfis
1265 1477 1354 1536 sui
1382 1477 1662 1545 ecclesias,
1692 1477 1975 1547 oratoria3
2029 1487 2085 1535 et
2119 1472 2158 1534 ὁ,
2187 1478 2511 1537 visitatione
2559 1498 2745 1536 rerum
2789 1478 3047 1535 omnium
3092 1489 3300 1536 statum
3340 1480 3504 1539 nobis

786 1569 1070 1627 scribant:
1126 1571 1279 1646 quod
1309 1570 1605 1646 negotium
1631 1566 1915 1645 quomodo
1944 1568 2355 1627 instituendum
2387 1570 2528 1645 ipsis
2554 1569 2677 1636 erit,
2708 1588 2837 1627 mox
2865 1569 3263 1629 describemus.
3346 1574 3501 1632 Illud

784 1661 877 1719 hic
907 1661 1270 1739 praecipimus
1299 1673 1364 1719 ut
1388 1682 1504 1720 non
1533 1657 1913 1738 perfunctorie
1939 1660 2004 1719 in
2033 1661 2357 1720 visitatione
2382 1662 2487 1719 ills
2512 1682 2570 1720 se
2597 1661 2858 1727 habeant,
2881 1661 2978 1718 sed
3004 1673 3071 1720 ut
3098 1663 3160 1720 in
3189 1682 3246 1720 re
3273 1664 3502 1721 maximi

784 1753 1061 1811 momenti
1086 1748 1457 1821 exactissime&
1482 1764 1540 1810 et
1566 1750 1947 1811 minutissime
1974 1753 2167 1811 omnia
2193 1773 2322 1828 quae
2349 1752 2599 1812 notar-int
2627 1751 2957 1811 describant.

867 1866 1005 1904 xvn.
1050 1840 1230 1903 Porro
1275 1845 1324 1903 si
1369 1846 1665 1921 contingat
1713 1846 1888 1904 lai‘cos
1926 1865 2060 1903 cum
2093 1847 2416 1922 pastoribus
2455 1845 2574 1903 suis
2612 1856 2713 1903 aut
2741 1856 2990 1922 pastores
3025 1845 3174 1903 inter
3200 1866 3258 1903 se
3285 1859 3502 1907 contro-

784 1938 995 1996 versias
1022 1938 1245 2013 aliquas
1272 1938 1499 2003 habere,
1529 1936 1760 1995 solliciti
1787 1936 1903 1995 sint
1926 1934 2134 2003 uetanti,
2163 1948 2229 1995 ut
2253 1932 2676 2015 quamprimum
2709 1948 3122 2014 componantur
3148 1948 3205 1994 et
3233 1938 3505 2007 finiantur

782 2033 898 2103 qua
942 2028 1208 2087 convenit
1245 2029 1515 2088 brevitate
1549 2050 1615 2086 ac
1658 2030 2003 2098 maturitate,
2032 2023 2149 2104 quo
2182 2048 2291 2105 pax
2323 2030 2757 2105 animorumque
2782 2029 3083 2088 concordia
3120 2028 3268 2088 inter
3306 2051 3503 2090 omnes

781 2131 1037 2178 servetur
1062 2120 1300 2197 integra.
1414 2183 1417 2186 ⁴

861 2232 1026 2270 xvm.
1068 2207 1224 2279 Quia
1253 2212 1482 2271 difficile
1517 2222 1603 2270 est
1634 2212 1919 2288 plerisque
1953 2211 2369 2291 poenitentium,
2415 2207 2535 2289 qua
2570 2224 2704 2270 sunt
2739 2212 2916 2270 animi
2953 2214 3027 2271 ad
3057 2213 3328 2272 virtutem
3367 2234 3500 2274 con·

781 2304 1035 2362 versione
1077 2304 1370 2380 languida,
1398 2304 1456 2361 id
1499 2305 1853 2381 persuadere,
1880 2315 1948 2363 ut
1988 2300 2120 2362 diim
2162 2325 2328 2363 casus
2365 2304 2591 2380 aliquos
2624 2303 2790 2363 nobis
2828 2316 3135 2363 reservatos
3170 2306 3400 2374 habent,
3427 2308 3501 2365 ad

778 2415 883 2453 nos
905 2406 1007 2453 aut
1035 2396 1518 2473 poenitentiarium
1546 2408 1802 2455 nostrum
1830 2398 2135 2465 accedant;
2187 2398 2391 2455 damus
2429 2397 2756 2454 facultatem
2793 2393 3029 2460 uetanis.
3058 2407 3123 2454 ut
3165 2396 3501 2473 poenitentes

780 2489 872 2546 sui
912 2487 1202 2546 districtus
1242 2489 1315 2548 ab
1356 2489 1471 2547 illis
1510 2484 1644 2547 diim
1673 2488 1736 2547 in
1764 2509 1861 2548 eos
1888 2488 2208 2548 inciderent
2237 2490 2528 2548 absolvere
2557 2489 2790 2566 possint,
2819 2485 2996 2548 donec
3023 2500 3080 2548 et
3105 2510 3401 2567 quousque
3441 2491 3500 2550 id

779 2582 945 2639 nobis
970 2581 1159 2638 visum
1200 2581 1370 2639 fuerit
1406 2601 1703 2641 revocare:
1756 2581 1839 2639 ita
1870 2594 2061 2641 tamen
2086 2594 2153 2640 ut
2184 2594 2344 2641 extra
2369 2602 2566 2640 casum
2591 2582 2760 2639 illum
2785 2603 2902 2641 non
2927 2581 3096 2641 liceat
3121 2583 3256 2651 illis,
3284 2585 3396 2644 nisi
3430 2585 3501 2642 de

781 2691 1056 2731 consensu
1085 2671 1325 2748 pastoris
1351 2672 1481 2738 loci,
1511 2692 1606 2730 eos
1632 2673 1939 2742 absolvere,
1969 2686 2069 2732 aut
2095 2675 2252 2732 aliud
2283 2685 2693 2732 sacramentum
2716 2674 3128 2732 administrare.

2083 2766 2321 2823 Statuta
2348 2764 2573 2841 synodi
2600 2768 2944 2824 Dioecesanoe
2974 2768 3293 2826 Andomar.
3322 2788 3379 2845 p.
3404 2773 3497 2829 69.

1666 3060 1878 3119 SECT.
1907 3059 2307 3126 X.—Biotoese
2334 3060 2393 3121 of
2416 3059 2584 3133 522}-

1214 3192 1637 3251 INsraucrroNs
1666 3212 1773 3251 roa
1804 3189 2006 3255 Deam
2035 3189 2229 3253 Rutal
2257 3212 2330 3250 or
2355 3212 2473 3252 ‘rna
2500 3193 2755 3252 Dmcass
2783 3213 2853 3253 or
2880 3194 3041 3253 Sam.

776 3377 1029 3437 Surum-s
1061 3373 1298 3438 muniz
1339 3395 1487 3436 mss
1528 3394 1601 3435 u:
1643 3379 1877 3436 Simone
1915 3394 2071 3435 rann
2111 3371 2330 3444 ism-22,
2372 3396 2441 3436 La
2481 3373 2739 3435 smzninm
2765 3376 3049 3444 Ocronruz,
3076 3394 3180 3435 ma
3219 3395 3308 3436 sxx
3350 3397 3493 3436 cans

935 3489 1214 3559 spinum
1261 3489 1330 3527 m
1375 3487 1692 3537 Qus-ronzs,
1746 3489 1859 3528 rm
1902 3470 2334 3529 Monssromzua
2377 3468 2855 3529 L’iuusrmssnm
2892 3487 2962 3526 m·
3003 3462 3495 3528 nfivfinmmssmn

934 3562 1172 3628 Evssqun
1197 3580 1272 3619 na·
1297 3562 1458 3620 Snsz.

855 3692 894 3730 1.
935 3673 1236 3731 COMME
1277 3674 1337 3730 la
1383 3669 1608 3747 dignit&
1652 3672 1754 3730 des
1795 3673 2005 3746 bagms
2052 3687 2257 3732 tutatur
2301 3694 2338 3731 a
2386 3673 2644 3747 toujours
2683 3671 2776 3730 ete
2834 3667 3301 3731 tres-consider&
3351 3672 3494 3731 dans

775 3763 1010 3840 Peg-lise,
1038 3774 1094 3821 et
1121 3784 1232 3838 que
1257 3782 1402 3821 nous
1422 3762 1763 3840 pretendens
1802 3783 1874 3821 en
1914 3764 2057 3822 faire
2092 3784 2198 3823 nos
2225 3764 2568 3842 principaux
2597 3762 2873 3831 ouvriers,
2900 3764 3017 3822 afin
3042 3763 3209 3839 qu’ils
3233 3764 3493 3841 puissent

775 3856 904 3931 plus
931 3854 1250 3912 facilement
1274 3874 1524 3929 vacquer
1550 3849 1589 3910 ὲ
1613 3851 1970 3931 l'obligation
1998 3856 2067 3915 de
2093 3858 2248 3914 leurs
2275 3857 2527 3933 charges,
2544 3875 2690 3915 nous
2711 3856 3055 3923 ordonnons,
3071 3877 3150 3914 vu
3178 3855 3495 3934 l’inegalite

775 3949 871 4006 des
897 3937 1179 4021 tunewiz,
1205 3965 1319 4022 que
1348 3948 1403 4004 le
1430 3947 1665 4005 nombre
1692 3947 1792 4005 des
1817 3947 2161 4025 paroissiens
2188 3948 2289 4024 qui
2310 3949 2394 4006 les
2414 3967 2741 4025 composera
2762 3968 2834 4005 ne
2856 3967 2983 4005 sera
3003 3948 3354 4007 dorenavant
3376 3968 3491 4024 que

775 4041 844 4097 de
870 4038 1191 4115 vingt-cinq
1218 4058 1296 4096 ou
1322 4039 1574 4106 environ,
1602 4060 1733 4097 sans
1760 4039 2026 4098 toutefois
2054 4041 2360 4100 confondre
2383 4042 2438 4099 le
2466 4039 2686 4098 district
2712 4040 2784 4097 de
2812 4058 2917 4098 nos
2943 4039 3382 4098 archidiaconez.

854 4150 915 4189 11.
958 4131 1117 4188 Leur
1158 4132 1315 4189 office
1358 4151 1484 4189 sera
1523 4132 1591 4190 de
1627 4130 1828 4190 veiller
1860 4152 1960 4189 sur
1998 4133 2083 4190 les
2122 4152 2430 4210 personnes
2462 4131 2921 4208 ecclesiastiques
2958 4152 3058 4190 sur
3083 4133 3141 4190 la
3165 4129 3491 4190 decoration

773 4235 828 4283 et
847 4222 1168 4301 reparation
1191 4225 1287 4282 des
1308 4221 1532 4300 eglises‚
1552 4235 1608 4282 et
1624 4224 1719 4283 des
1743 4224 1990 4282 maisons
2012 4224 2424 4300 presbiterales,
2447 4247 2517 4284 en
2545 4244 2691 4284 nous
2718 4225 2924 4283 faisant
2948 4245 3033 4283 un
3059 4220 3226 4284 fidele
3254 4234 3491 4299 rapport

772 4316 842 4375 de
870 4336 934 4374 ce
961 4315 1064 4392 qui
1092 4315 1212 4374 doit
1238 4315 1401 4373 venir
1427 4311 1465 4373 ὲ
1491 4327 1649 4376 notre
1677 4317 2094 4375 connoissance.
