3882 5037
889 479 1039 550 292
1644 477 2415 556 &pausia—Continuant
2457 480 2827 548 Bommmts.
3341 486 3527 561 [Pam
3561 490 3612 544 1.

888 691 1140 738 nostram
1168 678 1485 755 pertinent;
1527 689 1591 736 ut
1617 677 1829 742 norint,
1856 677 2000 752 quid
2028 677 2273 746 credere,
2306 687 2364 735 et
2390 696 2507 753 quo
2536 678 2704 736 modo
2732 681 3073 749 conversari,
3101 702 3166 740 ac
3192 682 3384 741 vivere
3409 681 3473 738 in
3500 686 3614 739 sua

882 771 1126 848 quisque
1155 769 1450 829 vocatione
1475 770 1687 828 debeat.

965 863 1061 920 An
1101 862 1217 919 sint
1251 861 1398 919 inter
1432 881 1529 919 eos
1565 880 1788 936 segnes,
1814 872 1916 918 aut
1949 859 2081 918 eaeci
2114 860 2511 936 speculatores,
2539 871 2596 918 et
2620 862 2779 918 velut
2813 881 2981 921 canes
3019 863 3183 930 muti,
3210 882 3328 921 non
3355 863 3611 921 valentes

881 955 1102 1019 latrare,
1130 951 1234 1027 qui
1275 970 1393 1009 non
1432 953 1679 1010 audeant
1718 953 1938 1029 populo
1978 951 2326 1010 annunciare
2367 963 2595 1028 peccata
2618 972 2836 1019 eorum,
2863 965 2920 1010 et
2946 953 3366 1031 incorrigibiles
3391 954 3610 1012 deferre

882 1044 954 1102 ad
982 1062 1179 1101 eorum
1208 1043 1542 1119 superiores.

960 1136 1059 1194 An
1100 1136 1268 1193 rudes
1307 1145 1364 1192 et
1402 1137 1669 1211 parvulos
1708 1154 1826 1193 suae
1866 1134 2146 1212 parochiae
2186 1132 2351 1191 certis
2392 1136 2744 1212 temporibus
2786 1138 3072 1198 instruant
3097 1149 3154 1195 et
3181 1137 3420 1195 doceant
3445 1138 3612 1212 Sym·

885 1228 1098 1294 bolum,
1120 1228 1511 1286 Precationem
1540 1226 1926 1294 Dominicam,
1952 1226 2362 1284 Salutationem
2387 1225 2744 1304 Aug-alicam,
2765 1252 2866 1291 seu
2888 1228 3166 1305 Decalogi
3184 1229 3490 1305 Praecepta,
3506 1240 3613 1286 aut

882 1320 1083 1377 saltem
1111 1321 1351 1378 habeant
1377 1320 1629 1395 aliquem
1656 1319 1926 1377 idoneum
1955 1317 2314 1376 Catholicum
2342 1318 2553 1390 virum,
2584 1343 2685 1399 per
2711 1344 2885 1401 quem
2905 1324 3013 1381 hoc
3040 1330 3319 1398 praestent.

961 1412 1057 1468 An
1080 1412 1461 1489 Evangelium
1491 1422 1548 1468 et
1577 1411 1777 1469 Sacras
1805 1410 2126 1486 Scripturas
2155 1408 2451 1469 sinceriter
2478 1422 2716 1473 tractent
2743 1427 2800 1474 et
2828 1417 3082 1480 doceant,
3106 1412 3273 1486 juxta
3299 1409 3610 1478 Homilias,

882 1521 1130 1570 sensum,
1157 1515 1214 1560 et
1241 1502 1762 1579 interpretationem
1793 1502 2154 1567 Sanctorum,
2180 1511 2235 1558 et
2264 1502 2700 1564 orthodoxorum
2731 1509 2985 1565 Patrum.

961 1592 1061 1650 An
1100 1593 1319 1669 aliquid
1360 1596 1736 1671 prophanum,
1765 1593 2064 1660 incertum,
2096 1593 2433 1660 fabulosum,
2461 1609 2802 1672 suspectum,
2831 1599 2924 1656 vel
2950 1597 3292 1661 inconstans,
3322 1596 3414 1652 vel
3441 1594 3608 1669 quic·

879 1703 1054 1758 quam
1101 1685 1258 1759 quod
1304 1706 1422 1744 non
1466 1697 1583 1743 tota
1629 1686 1834 1761 probat
1875 1683 2129 1751 ecclesia,
2171 1693 2228 1740 et
2253 1677 2292 1740 ὲ
2332 1684 2640 1758 majoribus
2684 1699 2979 1766 acceptum
3016 1706 3135 1745 non
3182 1696 3284 1752 est,
3328 1686 3609 1743 adferant.

879 1776 975 1833 An
1000 1777 1339 1851 quaestiones
1378 1777 1632 1836 difficiles
1670 1787 1728 1834 et
1767 1776 2058 1853 perplexas
2087 1786 2370 1844 moveant,
2400 1781 2758 1848 contendant,
2787 1781 2881 1838 vel
2911 1779 3167 1837 rixentur
3192 1777 3254 1835 in
3281 1778 3608 1854 suggestis:

879 1877 936 1924 et
962 1886 1106 1924 num
1133 1887 1201 1926 ea
1226 1868 1528 1936 adducant,
1555 1888 1686 1944 quae
1712 1868 1785 1926 ad
1810 1866 2010 1945 populi
2036 1866 2464 1926 aedificationem
2494 1869 2637 1927 nihil
2664 1870 2894 1929 faciunt.

958 1959 1057 2016 An
1098 1959 1161 2016 in
1199 1961 1488 2038 suggestis
1529 1958 1967 2026 calumnientur,
2007 1977 2112 2015 seu
2156 1970 2463 2016 scommata
2502 1971 2560 2017 et
2600 1961 2838 2020 dicteria
2880 1961 2942 2021 in
2987 1960 3220 2037 quosvis
3261 1959 3499 2035 jaciant,
3551 1970 3609 2017 et

879 2050 1273 2127 incompositis
1300 2050 1555 2109 moribus
1581 2050 2016 2128 gesticulentur,
2045 2049 2268 2125 plebem
2297 2049 2645 2110 concitantes
2672 2052 2733 2111 in
2761 2054 2993 2120 clerum,
3024 2053 3118 2111 vel
3144 2051 3566 2128 magistratum.

958 2142 1053 2199 An
1095 2142 1269 2200 simul
1309 2143 1545 2201 doceant
1585 2140 2029 2200 misericordiam
2069 2150 2126 2197 et
2158 2140 2440 2214 justitiam
2468 2142 2612 2200 Dei:
2653 2155 2719 2202 ut
2745 2144 3081 2222 poenitentes
3106 2144 3180 2200 ad
3206 2138 3348 2201 bene
3374 2162 3610 2219 speran-

878 2232 1017 2290 dum
1064 2232 1434 2301 inflamment,
1468 2243 1525 2290 et
1566 2234 1745 2291 malos
1791 2253 1828 2290 a
1878 2230 2121 2308 peccatis
2164 2231 2498 2289 deterreant.
2580 2234 2721 2293 Non
2764 2234 3119 2292 blandientes
3163 2245 3220 2292 et
3261 2234 3609 2309 decipientes

879 2324 1161 2401 populum
1191 2343 1541 2400 perversum,
1565 2324 1845 2383 dicentest
1885 2324 2028 2389 Pax,
2055 2342 2198 2400 pax3
2250 2333 2307 2379 et
2336 2343 2453 2381 non
2492 2334 2577 2383 est
2616 2344 2743 2402 pax.
2827 2325 2907 2382 Et
2931 2325 3187 2402 proinde,
3215 2345 3291 2383 an
3316 2325 3609 2400 Decalogi

879 2417 1171 2493 Praecepta
1198 2417 1409 2492 populo
1437 2415 1762 2491 frequenter
1789 2414 2093 2480 inculcent,
2118 2424 2288 2488 atque
2316 2415 2616 2490 explicent.

958 2507 1054 2565 An
1081 2508 1417 2566 confirment
1442 2508 1725 2584 populum
1751 2506 1815 2565 in
1843 2506 2153 2565 Catholicae
2179 2505 2315 2564 fidei
2343 2506 2628 2566 doctrina:
2668 2517 2726 2565 et
2751 2526 2829 2565 an
2854 2505 2935 2564 sic
2962 2506 3235 2566 edoceant
3265 2508 3509 2585 plebem,
3538 2518 3605 2565 ut

880 2601 1337 2677 suppullulantes
1380 2600 1628 2658 zizanias
1677 2600 1856 2658 sciant
1901 2599 2130 2658 evitare.
2214 2599 2380 2665 Item,
2423 2621 2497 2658 an
2545 2600 2824 2677 populum
2873 2599 3234 2669 admoneant,
3280 2612 3348 2659 ut
3402 2602 3605 2660 diebus

880 2690 1202 2750 Dominicis
1231 2701 1286 2747 et
1309 2690 1464 2749 festis
1491 2692 1564 2748 ad
1589 2691 1801 2757 divina,
1831 2710 1962 2765 quae
1980 2690 2044 2748 in
2070 2690 2319 2749 ecclesiis
2344 2692 2718 2760 celebrantur,
2750 2691 3105 2759 conveniant,
3132 2692 3463 2750 concionem
3499 2693 3606 2749 sub

881 2782 1126 2849 silentio,
1156 2792 1211 2839 et
1235 2779 1445 2841 attente
1480 2781 1734 2848 audiant,
1763 2793 1820 2839 et
1852 2781 2141 2838 memoriae
2167 2783 2578 2851 commendent,
2607 2805 2710 2843 nec
2737 2784 2997 2859 strepitu,
3024 2784 3116 2840 vel
3143 2784 3604 2842 deambulatione

880 2874 1243 2949 perturbent:
1299 2884 1373 2940 et,
1402 2883 1469 2930 ut
1512 2872 1724 2939 audita,
1753 2890 1947 2930 secum
1987 2872 2224 2929 domum
2267 2872 2563 2946 perferant,
2593 2885 2651 2932 et
2675 2875 2900 2942 liberos,
2928 2884 2985 2932 et
3012 2873 3288 2932 familiam
3316 2875 3609 2933 instruant

878 2964 951 3019 ad
992 2962 1289 3039 pietatem:
1346 2984 1548 3042 nempe
1588 2964 1780 3022 Deum
1820 2963 2036 3029 timere,
2065 2973 2122 3020 et
2156 2964 2398 3023 salutem
2435 2986 2598 3024 suam
2626 2967 2679 3026 ei
2703 2966 3127 3024 commendare:
3168 2967 3442 3024 memoria
3478 2966 3607 3024 reti-

877 3073 1031 3120 nere,
1060 3065 1117 3112 et
1155 3052 1481 3130 frequenter
1522 3055 1754 3116 recitare
1796 3055 2133 3132 Symbolum
2159 3055 2577 3130 Apostolicum,
2606 3057 2937 3115 Orationem
2966 3056 3349 3124 Dominicam,
3377 3058 3606 3115 Saluta·

878 3144 1089 3203 tionem
1137 3144 1489 3221 Angelicam,
1536 3148 1826 3223 Praecepta
1868 3145 2164 3224 Decalogi‚
2208 3157 2267 3205 et
2305 3148 2584 3223 quicquid
2634 3149 2707 3205 ad
2750 3148 3035 3215 virtutem,
3086 3148 3377 3224 bonosque
3423 3169 3606 3208 mores

880 3236 1153 3313 pertinet:
1220 3238 1447 3296 obedire
1487 3239 1606 3299 suis
1646 3237 2049 3316 superioribus,
2079 3240 2294 3297 solvere
2333 3239 2593 3307 decimas,
2620 3251 2676 3298 et
2703 3239 2818 3299 alia
2843 3239 3032 3299 debita
3057 3247 3174 3296 tam
3197 3238 3604 3305 ecclesiasticis,

878 3348 1051 3404 quam
1080 3329 1461 3389 saecularibus.

962 3419 1060 3477 An
1087 3431 1433 3479 sacramenta
1473 3422 1787 3480 secundum
1828 3421 2008 3478 ritum
2047 3420 2295 3479 ecclesiae
2324 3421 2643 3489 Catholicae,
2673 3434 2730 3479 et
2770 3423 3084 3480 secundum
3110 3420 3389 3497 agendam
3432 3422 3601 3479 eccle-

878 3509 1178 3578 siasticam,
1206 3511 1475 3570 adhibitis
1502 3514 1769 3572 omnibus
1789 3513 2177 3571 ecclesiasticis
2204 3512 2552 3571 caeremoniis
2588 3523 2646 3570 et
2672 3512 2784 3589 piis
2813 3513 3034 3581 ritibus,
3063 3512 3126 3570 in
3152 3511 3388 3570 ecclesia
3414 3513 3604 3570 catho-

880 3600 991 3657 lica
1018 3602 1291 3660 hactenus
1320 3604 1610 3661 observari
1636 3604 1938 3671 consuetis,
1966 3603 2379 3661 administrent.

964 3689 1061 3747 An
1088 3691 1375 3750 instruant
1404 3695 1682 3769 populum
1710 3694 1780 3750 de
1807 3694 2187 3761 sacramentis,
2215 3704 2271 3751 et
2294 3714 2492 3753 eorum
2517 3693 2725 3770 gratia,
2763 3705 2819 3751 et
2846 3694 3161 3772 mysteriis3
3199 3704 3266 3751 ut
3293 3693 3378 3752 eis
3404 3713 3600 3751 secun·

884 3779 1021 3837 dum
1062 3782 1310 3840 ecclesiae
1351 3784 1729 3850 traditionem,
1757 3782 1830 3838 ad
1870 3783 2112 3839 salutem
2153 3803 2312 3842 suam
2358 3780 2620 3862 religiose
2658 3795 2884 3843 utatur:
2938 3785 3270 3862 praesertim,
3309 3794 3377 3840 ut
3418 3785 3601 3841 missae

889 3871 1071 3929 officio
1098 3872 1340 3930 libenter
1368 3872 1608 3941 intersit,
1638 3884 1695 3932 et
1719 3872 1867 3931 votis
1894 3874 2143 3931 ecclaeiae
2169 3887 2302 3933 vota
2327 3896 2431 3933 sua
2457 3875 2797 3951 conjungat:
2837 3876 3105 3951 quodque
3123 3870 3245 3932 una
3270 3895 3402 3932 cum
3429 3893 3605 3932 sacer·

890 3963 1024 4021 dote
1065 3975 1304 4021 mortem
1331 3964 1543 4021 Christi
1571 3964 1702 4022 Dno
1730 3963 1893 4021 Patri
1934 3984 2038 4041 pro
2079 3966 2320 4041 peccatis
2347 3967 2466 4024 suis
2493 3967 2705 4034 offerat,
2733 3978 2789 4024 et
2829 3967 3113 4042 frequenti
3153 3966 3506 4024 confessione
3546 3984 3606 4021 se

890 4065 1201 4129 expurget:
1241 4065 1310 4112 ut
1334 4074 1393 4112 se
1436 4050 1640 4131 saepiiis
1681 4055 1851 4113 corde
1893 4057 2109 4115 mundo
2150 4068 2206 4114 et
2245 4057 2411 4115 avido
2451 4059 2523 4116 ad
2564 4058 2962 4134 excipiendum
3002 4058 3309 4117 salutarem
3338 4055 3604 4133 Corporis

891 4144 1103 4202 Christi
1130 4146 1324 4203 cibum
1351 4157 1541 4223 paret:
1581 4157 1648 4203 ut
1675 4145 1878 4204 diebus
1906 4146 2061 4205 festis
2093 4158 2317 4205 tantum
2346 4149 2557 4207 sanctis
2582 4149 2875 4208 incumbat
2901 4150 3185 4226 operibus.

972 4237 1070 4295 An
1098 4237 1333 4296 doceant
1361 4240 1642 4315 populum
1682 4236 1743 4295 in
1786 4249 2266 4297 sacramentorum
2292 4239 2799 4308 administratione,
2823 4240 3147 4316 frequenter
3173 4239 3343 4298 etiam
3384 4239 3448 4297 in
3474 4257 3602 4296 con-

891 4327 1167 4395 cionibus,
1188 4325 1418 4403 quando
1444 4332 1606 4388 locus
1632 4329 1851 4395 incidit,
1868 4329 2012 4404 quid
2038 4330 2100 4387 in
2120 4331 2455 4388 sacramenti
2481 4335 2755 4407 cujusque
2781 4332 3082 4390 collatione
3101 4343 3338 4409 agatur=
3377 4332 3507 4407 quis
3533 4328 3605 4386 sit
