3882 5037
324 523 465 579 sacr.
482 521 606 594 V1.]
1116 515 1859 589 Numantina—Dionae
1887 517 1947 579 of
1969 516 2184 594 thoes.
2867 521 3018 594 277

321 720 399 776 sui
422 715 707 780 Bttanatt‘ts
732 717 806 773 ad
837 719 1094 794 aliquam
1124 719 1506 795 parochialem
1542 715 1834 776 ecclesiam
1865 735 2195 783 convocare,
2222 728 2392 791 atque
2432 736 2565 773 cum
2608 718 2725 775 illis
2766 738 3016 778 commu-

319 808 448 869 niter
472 824 523 870 et
550 805 797 875 divisim,
814 812 1055 868 consilia
1081 812 1151 868 de
1176 811 1442 888 pastorali
1471 809 1670 874 officio,
1692 821 1749 866 et
1772 827 1874 884 pro
1896 808 2169 865 uniformi
2191 808 2522 866 executione
2543 819 2599 865 et
2629 809 3017 869 observatione

317 915 635 960 statutorum
664 913 932 960 tractare:
975 904 1246 960 volumus
1273 915 1480 970 tamen,
1511 912 1578 960 ut
1606 899 1885 975 ejusmodi
1913 900 2345 958 convocationes
2372 919 2689 975 numquam
2719 903 2876 970 fiant,
2904 903 3016 961 nisi

316 997 374 1054 de
396 1016 665 1054 consensu
692 1006 903 1061 nostro,
932 1006 987 1053 et
1013 1016 1082 1054 ex
1108 998 1281 1053 causa
1310 1014 1410 1071 per
1437 1014 1540 1053 nos
1568 993 1900 1070 approbata.

381 1089 606 1155 Verum,
635 1099 838 1164 praeter
881 1087 982 1144 has
1019 1086 1489 1145 extraordinarias
1526 1096 1581 1143 et
1617 1083 1929 1142 incidentes
1962 1089 2270 1159 pastorum
2307 1084 2783 1160 conyreyatimtes,
2811 1086 3017 1144 volunt

315 1181 494 1256 synodi
528 1191 738 1238 nostrae
774 1188 902 1254 post
928 1177 986 1233 S.
1020 1178 1230 1244 Caroli,
1258 1192 1314 1237 et
1349 1188 1433 1236 tot
1468 1178 1712 1235 aliorum
1754 1176 2153 1252 episcoporum
2185 1173 2565 1233 ordinationes
2593 1185 2650 1231 et
2680 1174 2920 1242 decreta,
2951 1188 3018 1235 ut

312 1272 569 1346 ejusmodi
606 1270 1072 1347 congregationes
1108 1289 1212 1327 seu
1251 1265 1512 1346 capitula,
1541 1268 1761 1346 singuli
1794 1263 1982 1327 httaul
2022 1261 2374 1343 regulariter,
2419 1276 2475 1322 et
2509 1265 2583 1323 ad
2619 1267 2810 1325 minus
2842 1264 3015 1327 semel

312 1360 594 1439 quotannis
630 1362 918 1420 celebrent
956 1380 1023 1418 eo
1059 1371 1328 1437 tempore,
1362 1382 1427 1419 ac
1465 1360 1572 1426 die,
1601 1378 1721 1434 quo
1764 1358 2087 1418 ordinarius
2132 1358 2427 1424 statuerim
2469 1377 2613 1432 quas
2646 1356 3014 1419 nihilominus

313 1478 409 1515 non
461 1456 583 1514 sine
636 1451 954 1527 disciplinae
1007 1452 1404 1510 ecclesiasticae
1452 1450 1816 1517 relaxatione,
1871 1449 2195 1525 damnoque
2262 1449 2585 1507 animarum
2651 1450 3015 1521 intermissae,

312 1550 696 1625 neglectasque
723 1544 986 1602 videmus
1015 1543 1119 1602 hoc
1148 1555 1412 1621 tempore.

376 1641 456 1698 Ut
484 1641 671 1718 igitur
704 1636 961 1695 medium
992 1647 1106 1693 tam
1139 1648 1546 1713 opportunum,
1577 1645 1681 1693 aut
1715 1635 1889 1693 etiam
1921 1634 2320 1701 necessarium,
2354 1652 2472 1708 quo
2503 1635 2675 1693 variis
2716 1635 3012 1705 abusibus,

314 1728 556 1804 vitiisque
595 1723 894 1786 efficaciter
923 1729 1146 1787 occurri
1178 1741 1235 1788 et
1268 1727 1551 1805 provideri
1589 1739 1791 1805 potest,
1819 1728 1880 1785 in
1917 1727 2147 1786 dioecesi
2179 1729 2370 1784 nostra
2400 1723 2823 1804 quamprimum
2853 1732 3012 1789 resti-

311 1833 520 1887 uratur,-
565 1816 790 1883 Dttanis
819 1821 1027 1878 nostris
1057 1821 1438 1897 praecipimus,
1465 1831 1533 1879 ut
1559 1821 1782 1896 singuli
1810 1820 2077 1896 exinceps
2098 1831 2156 1877 et
2172 1820 2564 1896 imposterum,
2584 1821 2842 1895 quolibet
2862 1843 3012 1881 anno

312 1913 405 1970 sub
443 1932 638 1971 mense
683 1911 998 1988 Septembri
1050 1913 1380 1987 hujusmodi
1435 1913 1935 1990 congregationem
1991 1914 2331 1989 pastoralem
2389 1911 2660 1981 indicant,
2703 1924 2759 1971 et
2811 1927 3012 1974 curent

309 2007 580 2072 celebrari,
612 2006 705 2063 die
735 2017 861 2063 tum
887 2006 1045 2081 ipsis,
1074 2017 1201 2064 tum
1228 2006 1550 2083 pastoribus
1578 2006 1699 2064 suis
1730 2006 1914 2082 magis
1943 2016 2288 2081 opportuno,
2307 2024 2479 2079 quem
2511 2015 2703 2064 tamen
2724 2007 3013 2081 quindena

310 2099 637 2171 praecedente
664 2098 828 2156 nobis
857 2098 1179 2174 significare
1206 2098 1526 2167 debebunt;
1569 2110 1634 2156 ut
1661 2099 1758 2164 ita,
1785 2099 1833 2155 si
1862 2099 2127 2174 expedire
2148 2097 2616 2172 judicaverimus,
2634 2101 2725 2157 vel
2749 2118 3011 2175 persona-

309 2185 433 2258 liter,
460 2202 563 2249 aut
599 2210 702 2267 per
735 2191 1076 2267 deputatum
1109 2203 1371 2250 nostrum
1404 2193 1493 2250 illi
1522 2192 1750 2259 adesse3
1794 2192 1886 2251 vel
1914 2186 2133 2258 saltem,
2160 2211 2291 2266 quae
2319 2191 2632 2248 ordinanda
2659 2202 2763 2248 aut
2790 2191 3009 2250 insinu-

310 2282 440 2340 anda
464 2283 861 2350 babuerimus,
887 2284 1027 2358 ipsis
1053 2280 1276 2344 uetanis
1303 2279 1631 2361 tempestive
1659 2284 2078 2342 communicare
2104 2295 2160 2341 et
2187 2283 2575 2340 commendare
2603 2285 2911 2341 valeamus

376 2394 423 2430 x.
462 2375 557 2433 Sic
602 2387 792 2434 autem
826 2375 1304 2451 congregationes
1339 2377 1455 2434 illae
1487 2377 1860 2444 celebrentur,
1889 2389 2090 2433 utnon
2118 2374 2189 2432 ad
2219 2374 2658 2451 compotandum
2685 2386 2785 2432 aut
2812 2394 3011 2452 exspa-

310 2461 551 2523 tiandum
596 2465 913 2534 dumtaxat,
952 2468 1046 2527 sed
1090 2467 1162 2526 ad
1202 2470 1562 2527 tractandum
1598 2471 1669 2528 de
1709 2469 1878 2528 rebus
1915 2469 2094 2537 seriiS,
2131 2486 2376 2543 quasque
2410 2466 2482 2525 ad
2522 2467 2770 2526 ecclesias
2807 2478 3014 2526 nostrae

308 2555 597 2617 utilitatem
634 2561 893 2618 conferre
929 2562 1135 2620 debent
1168 2581 1264 2619 eas
1293 2560 1534 2618 indictas
1561 2582 1681 2620 esse
1709 2561 1979 2619 omnibus
2005 2561 2338 2619 innotescat.
2422 2559 2594 2626 Hinc,
2626 2572 2751 2637 post
2782 2560 3012 2618 missam

310 2647 366 2701 de
391 2648 443 2704 S.
462 2648 712 2726 Spiritu,
742 2653 835 2711 vel
863 2653 1036 2711 aliam
1064 2653 1177 2713 diei
1204 2654 1570 2721 conformem,
1598 2654 1647 2711 si
1673 2654 1913 2712 rubricae
1939 2654 1999 2711 id
2027 2653 2279 2728 exigant,
2301 2672 2405 2730 per
2432 2673 2612 2710 unum
2639 2672 2670 2709 e
2692 2653 3014 2729 pastoribus

309 2738 667 2811 decantatam,
697 2756 756 2802 et
783 2749 1044 2822 praelecta
1082 2757 1294 2824 puncta
1320 2747 1542 2822 aliquot
1564 2768 1632 2805 ex
1660 2748 1763 2805 hac
1791 2757 1987 2805 nostra
2013 2745 2287 2822 pastorali
2316 2743 2687 2803 instructione
2716 2744 2845 2815 (illa
2870 2765 3014 2822 prae-

308 2831 475 2908 cipue,
501 2857 637 2913 quae
668 2838 857 2915 magis
886 2838 1238 2916 singularem
1269 2841 1640 2899 attentionem
1666 2851 1723 2898 et
1749 2838 2167 2897 observantiam
2197 2838 2511 2913 requirunt,
2540 2836 2764 2894 tametsi
2787 2839 3014 2895 nullum

309 2943 515 3003 quoque
556 2949 631 2986 ex
671 2931 887 2989 caeteris
927 2931 1132 2998 omitti,
1160 2931 1352 2990 minus
1380 2953 1514 2990 vero
1556 2932 1777 3009 negligi
1819 2931 2021 3009 possit)
2049 2932 2291 2993 baanna
2331 2926 2479 2989 serio
2519 2926 2724 3005 pieque
2765 2940 3015 3005 pastoroe

310 3035 424 3074 suos
476 3021 811 3096 alloquetur
863 3033 920 3080 et
963 3023 1374 3091 exhortabitur,
1417 3035 1701 3099 quatenus
1744 3044 1802 3083 se
1846 3034 2013 3089 totos,
2056 3042 2272 3098 suaque
2317 3021 2516 3080 munia
2557 3020 3015 3079 ordinationibus

309 3112 512 3179 nostris,
559 3114 810 3181 statutis,
854 3126 909 3172 et
957 3116 1241 3173 manualis
1284 3115 1805 3193 praescriptionibus
1849 3117 2116 3173 studeant
2153 3114 2537 3180 conformare3
2598 3109 2845 3171 maxime
2882 3132 3015 3171 vero

310 3218 363 3255 ¹1²
385 3201 482 3268 11¹⁸,
506 3223 640 3279 quae
668 3223 738 3261 eo
766 3217 1017 3283 tempore
1044 3228 1113 3265 ex
1143 3208 1377 3285 praefata
1406 3208 1778 3265 instructione
1807 3209 2073 3284 praelecta
2096 3218 2152 3265 et
2179 3206 2472 3264 tractanda
2497 3204 2723 3261 fuerint.

378 3292 541 3361 Dein,
569 3294 620 3352 si
647 3316 778 3371 quae
804 3318 872 3356 ex
900 3310 1063 3373 parte
1089 3304 1279 3357 nostra
1304 3300 1737 3378 congregationi
1780 3299 1998 3358 fuerint
2040 3297 2527 3362 communicanda,
2555 3315 2621 3353 ea
2659 3292 2849 3355 uttan(
2878 3296 3013 3353 fide-

310 3383 426 3444 liter
451 3401 751 3466 exponent,
782 3402 837 3448 et
860 3388 1076 3468 pariter
1100 3392 1173 3450 ab
1202 3394 1468 3452 omnibus
1496 3393 1789 3452 observari
1817 3393 2120 3452 curabunt.

378 3478 626 3539 Tandem
662 3482 881 3559 singuli
918 3495 1224 3560 pastorum,
1254 3485 1303 3542 si
1331 3504 1476 3562 quas
1503 3486 1868 3544 difficultates
1895 3484 2162 3550 habeant,
2191 3494 2293 3540 aut
2321 3501 2484 3540 casus
2512 3482 2890 3549 resolvendoS,
2917 3501 3012 3541 eos

311 3566 363 3624 in
388 3572 632 3630 medium
673 3574 944 3644 adferant,
973 3588 1031 3634 et
1065 3577 1199 3634 data
1234 3578 1445 3652 cuique
1483 3577 1746 3636 libertate
1773 3597 1939 3635 sensa
1969 3575 2272 3654 pandendi,
2299 3584 2506 3632 cuncta
2534 3577 2697 3650 aequfi
2724 3574 3014 3633 charitatis

311 3671 359 3717 et
374 3664 605 3736 justitiae
644 3668 809 3726 lance
846 3668 1243 3726 examinentur
1270 3680 1328 3725 et
1353 3669 1715 3727 dirimantur.
1797 3670 1991 3727 Nemo
2019 3666 2396 3727 contentionis
2421 3666 2611 3724 studia
2638 3667 2886 3734 misceat,
2916 3667 3013 3725 sed

312 3771 487 3813 omnes
515 3758 577 3815 in
603 3759 826 3817 unitate
854 3760 1105 3837 spiritus,
1131 3761 1378 3836 animisq
1423 3782 1454 3819 e
1483 3761 1768 3820 societatis
1798 3761 1856 3818 in
1882 3761 2147 3819 eumdem
2177 3778 2430 3835 scopum,
2452 3759 2516 3815 in
2544 3760 2786 3817 salutem
2812 3778 3014 3835 nempe

312 3845 636 3917 animarum,
679 3862 734 3908 et
777 3851 890 3909 Dei
933 3852 1177 3928 gloriam
1222 3854 1511 3912 collimare
1554 3852 1866 3910 intendant.
1952 3852 2014 3909 Si
2056 3851 2197 3927 quid
2241 3847 2609 3909 nihilominus
2654 3852 2874 3910 dissidii
2916 3862 3017 3909 aut

312 3941 692 3999 controversias
733 3942 879 4002 inter
914 3964 1007 4002 eos
1046 3945 1347 4003 subortum
1386 3945 1579 4012 fuerit,
1608 3945 1761 4021 ipsos
1797 3944 1868 4002 ad
1908 3955 2167 4001 mutuam
2195 3942 2650 4001 benevolentiam
2679 3955 2850 4020 atque
2881 3963 3013 4001 con-

313 4030 539 4090 cordiam
569 4031 754 4093 Daetaul
785 4035 1068 4094 adducere
1096 4037 1475 4094 conabuntur.
1560 4036 1662 4092 Sin
1694 4036 1902 4102 minus,
1933 4037 2219 4102 volumus,
2245 4046 2312 4092 ut
2342 4034 2401 4092 in
2419 4054 2552 4092 casu
2579 4035 2925 4109 hujusmodi,
2954 4054 3013 4092 re

313 4122 433 4190 tota,
457 4123 526 4180 de
554 4146 671 4201 qua
695 4129 1157 4196 controvertitur,
1180 4129 1241 4186 in
1269 4127 1739 4186 deliberationem
1772 4127 1975 4205 posita,
2005 4147 2068 4185 ac
2091 4126 2406 4184 secundum
2427 4125 2706 4199 cujusque
2729 4125 3014 4182 sincerum

305 4209 573 4280 judicium
617 4230 674 4276 et
717 4219 1077 4278 conscientiae
1123 4219 1514 4278 testimonium
1560 4216 1781 4278 mature
1825 4220 2098 4285 discussa,
2143 4217 2362 4293 singuli
2408 4217 2742 4274 resolutioni
2785 4216 3013 4289 majoris

314 4306 470 4375 partis
495 4309 777 4368 adhaerere
806 4322 1141 4379 teneantur;
1181 4313 1361 4369 donec
1393 4313 1610 4379 saltem,
1640 4312 1689 4369 si
1719 4332 1807 4369 res
1833 4311 2017 4369 ardua
2040 4309 2228 4376 fuerit,
2257 4320 2360 4367 aut
2386 4306 2657 4367 notabilis
2677 4306 3011 4385 praejudicii,

315 4409 402 4465 Per
424 4399 697 4476 nosipsos,
720 4401 864 4477 quid
891 4403 1254 4461 statuendum
1283 4413 1338 4462 et
1365 4405 1715 4480 sequendum
1743 4404 1835 4472 sit,
1863 4404 2214 4462 declaratum
2242 4400 2427 4460 fuerit.
