3882 5037
805 446 961 517 282
1582 436 2357 523 ‘appetitum—continents!
2384 435 2755 503 Decumum.
3271 449 3462 523 [Pur
3483 453 3532 510 1,

807 648 949 705 riam
994 642 1390 724 prosequendi,
1420 643 1594 701 etiam
1635 664 1767 701 cum
1815 641 2175 702 invocatione
2217 641 2435 701 brachii
2475 641 2780 708 saecularis,
2823 652 3106 718 quatenus
3150 664 3295 722 opus
3338 648 3427 714 sit,
3478 662 3536 709 et

807 739 1075 797 facultate
1115 735 1315 800 alium,
1342 736 1432 794 vel
1472 734 1616 792 alios
1647 735 1708 792 in
1749 736 1943 793 locum
1984 753 2153 792 suum
2195 733 2593 799 substituendi,
2627 733 2841 809 quibus
2879 753 2984 793 nos
3023 733 3199 792 etiam
3240 757 3424 796 unum
3464 759 3536 798 ex

808 828 1092 889 advocatis
1118 827 1604 885 consistorialibus
1626 826 1937 904 adjungere
1963 825 2309 892 curabimus,
2328 844 2576 902 quorum
2603 824 2847 885 consilio
2865 836 2922 885 et
2949 828 3264 903 patrocinio
3287 829 3537 890 actiones

807 943 940 981 suas
967 921 1283 979 instituant.

886 1033 1053 1072 xvm.
1096 1011 1191 1070 Ad
1231 1007 1699 1075 cathedraticum,
1728 1007 2031 1086 primarios
2069 1006 2307 1074 fi'uctus,
2346 1005 2605 1065 subsidia
2642 1005 2992 1074 charitativa,
3021 1018 3078 1066 et
3114 1009 3174 1066 id
3203 1030 3392 1086 genus
3420 1015 3539 1073 alia.

810 1106 969 1183 quod
1020 1103 1236 1167 attinet,
1274 1102 1515 1163 betanus
1558 1119 1691 1157 cum
1739 1100 2048 1157 camerario
2095 1118 2156 1157 se
2203 1097 2266 1156 in
2309 1098 2431 1157 illis
2472 1117 2630 1157 more
2671 1098 2907 1172 antiquo
2946 1100 3301 1175 colligendis,
3336 1104 3537 1163 fideles

809 1206 1088 1275 praestent,
1132 1191 1329 1252 addita
1382 1190 1573 1259 etiam,
1628 1191 1679 1249 si
1733 1211 1876 1269 opus
1933 1188 2125 1257 i'uerit,
2172 1210 2245 1249 ne
2299 1190 2542 1249 ecclesia
2588 1189 2760 1249 veteri
2807 1208 2911 1247 suo
2950 1190 3081 1264 jure
3126 1192 3400 1270 privetur,
3443 1216 3535 1254 ar·

804 1288 1123 1347 restatione.

884 1397 999 1435 xlx.
1044 1375 1347 1434 Rationem
1385 1373 1479 1432 sui
1515 1373 1771 1433 muneris
1812 1374 2035 1434 dabunt
2073 1369 2264 1432 hunni
2302 1368 2522 1436 rutulus
2549 1370 2731 1440 nobis,
2762 1382 2864 1431 aut
2892 1371 3109 1434 vicario
3136 1389 3330 1437 nostro
3357 1400 3535 1456 gene·

805 1469 912 1528 rali
937 1469 1246 1546 quotannis
1284 1466 1389 1534 bis,
1419 1478 1545 1544 post
1570 1467 1852 1525 celebrata
1876 1466 2153 1525 nimirum
2181 1462 2445 1542 capitula,
2473 1477 2529 1524 et
2554 1465 2786 1543 quidem
2824 1466 3052 1543 scripto,
3078 1467 3128 1525 si
3154 1489 3349 1529 coram
3377 1494 3534 1532 com-

803 1557 972 1619 mode
1017 1580 1133 1619 non
1178 1559 1413 1634 possint,
1454 1578 1570 1633 quo
1614 1555 1904 1635 speciatim
1949 1558 2226 1634 explicari
2271 1560 2558 1624 volumus,
2606 1577 2749 1632 quas
2805 1559 3068 1617 ecclesias
3113 1561 3359 1636 quisque
3414 1584 3535 1622 suae

804 1652 1157 1730 regiunculae
1184 1660 1428 1725 utroque
1455 1650 1707 1708 semestri
1735 1650 2111 1718 visitaverint,
2137 1650 2371 1725 ejusque
2394 1649 2734 1709 visitationis
2759 1661 2883 1708 acta
2912 1652 3236 1709 transmitti.

883 1764 975 1801 xx.
1016 1740 1349 1809 Camerarii,
1376 1761 1507 1799 cum
1546 1741 1799 1818 primum
1825 1742 1933 1800 hoc
1963 1762 2175 1800 munus
2201 1742 2530 1819 suscipient,
2560 1753 2764 1819 praeter
2791 1742 3358 1820 professionemfidei
3388 1765 3532 1822 prae-

802 1836 1033 1895 stabunt
1060 1835 1235 1892 etiam
1264 1852 1417 1892 more
1431 1835 1758 1893 haetauotum
1781 1834 2171 1907 juramentum
2195 1834 2562 1902 fidelitatiset
2583 1833 3088 1893 administrationis
3109 1857 3227 1895 suae
3250 1839 3534 1898 rationem

798 1930 1052 1996 reddent,
1079 1926 1303 2004 quoties
1328 1947 1365 1983 a
1390 1925 1575 1992 nobis,
1604 1928 1695 1985 vel
1723 1926 1940 1986 vicario
1967 1937 2158 1985 nostro
2185 1927 2400 1985 fuerint
2428 1926 2702 2002 requisiti.

879 2133 995 2173 xx1.
1039 2106 1527 2188 (Dongtaegationts
1565 2106 1902 2187 tupitulatts
1937 2110 2239 2169 convocari
2264 2113 2530 2170 volumus
2568 2110 2815 2187 singulis
2842 2112 3205 2171 semestribus
3235 2134 3387 2173 more
3411 2116 3532 2190 jam

802 2216 1047 2282 recepto,
1071 2216 1131 2263 et
1169 2204 1403 2280 quidem
1444 2202 1538 2261 die
1580 2204 1778 2279 aliquo
1818 2204 2084 2281 profesto,
2109 2222 2228 2278 quo
2267 2202 2341 2261 ab
2379 2202 2633 2261 ecclesiis
2673 2203 2792 2261 suis
2828 2214 2952 2261 tum
2979 2206 3229 2280 parochi,
3259 2218 3382 2264 tum
3412 2208 3533 2269 alii,

799 2297 1012 2372 quibus
1039 2295 1492 2356 conveniendum
1520 2295 1647 2363 erit,
1678 2292 1971 2355 commode
1998 2296 2191 2354 abesse
2216 2293 2448 2372 possint.

881 2408 1024 2448 xxu.
1067 2388 1391 2448 Convenire
1432 2398 1628 2445 autem
1670 2388 2006 2446 mandamus
2054 2407 2185 2445 cum
2224 2390 2424 2446 berane
2466 2405 2663 2444 omnes
2701 2386 2864 2444 illius
2902 2385 3196 2468 districtus
3235 2391 3533 2466 parochos,

800 2482 1129 2551 sacellanoS,
1158 2481 1471 2541 sacerdotes
1500 2491 1557 2539 et
1584 2480 1822 2540 clericos
1859 2479 2225 2539 beneficiatos
2252 2499 2367 2538 non
2397 2478 2566 2537 modo
2592 2480 2903 2546 saeculares,
2931 2499 3131 2539 verum
3159 2481 3330 2540 etiam
3358 2503 3534 2561 regu-

800 2575 967 2641 lares,
993 2572 1065 2631 iis
1093 2574 1373 2632 duntaxat
1407 2573 1674 2649 exceptis,
1697 2593 1843 2648 quos
1870 2574 1967 2631 vel
2003 2572 2339 2632 canonicum
2367 2572 2855 2650 impedimentum,
2883 2574 2974 2632 vel
3002 2593 3250 2651 praesens
3277 2578 3532 2635 ecclesiae

797 2666 1103 2723 necessitas
1144 2666 1367 2731 eximet,
1411 2666 1483 2723 de
1527 2666 1741 2739 quibus
1785 2677 2094 2743 cognoscet
2134 2667 2391 2732 betanus,
2435 2664 2752 2741 referetque
2792 2664 3009 2724 vicario
3049 2679 3262 2734 nostro,
3312 2670 3436 2744 qui,
3477 2681 3532 2728 et

798 2756 1168 2833 quamobrem
1222 2756 1545 2826 abfuerint;
1613 2768 1696 2824 ut,
1744 2777 1995 2835 quorum
2047 2757 2310 2834 legitima
2359 2757 2653 2816 excusatio
2708 2777 2824 2816 non
2881 2757 3070 2822 fuerit,
3110 2755 3173 2813 in
3226 2776 3322 2815 eos
3362 2776 3532 2834 poena

798 2847 1145 2905 decernatur.

879 2958 1045 2997 xxm.
1076 2939 1267 2996 Locus
1297 2934 1596 3004 tonbtnttiz
1624 2935 1954 3016 capitularia
1981 2938 2088 3000 erit
2111 2939 2308 3016 aliqua
2322 2939 2560 3001 ecclesia
2581 2939 2937 3016 parochialis,
2954 2940 3044 2999 vel
3066 2938 3228 2997 illius
3250 2937 3529 3006 sacristia,

798 3029 1002 3088 domus
1041 3031 1397 3107 parochialis,
1419 3033 1509 3091 vel
1551 3033 1667 3090 alia
1705 3032 1997 3099 canonica,
2027 3033 2190 3090 nullo
2229 3033 2400 3092 modo
2439 3034 2735 3110 publicum
2764 3033 3096 3110 hospitium,
3127 3031 3218 3090 vel
3244 3050 3523 3106 caupona.

798 3121 995 3180 Pridie
1025 3122 1182 3181 illius
1211 3125 1527 3182 conventils
1555 3125 1976 3183 confitebuntur
2003 3143 2200 3184 omnes
2227 3137 2284 3184 et
2313 3126 2533 3203 singuli
2559 3126 2837 3184 sacerdoti
2864 3147 2899 3182 a
2924 3125 3090 3184 nobis
3112 3125 3278 3198 juxta
3300 3123 3526 3182 Concil.

796 3213 953 3272 Trid.
983 3216 1309 3293 approbato,
1352 3216 1422 3273 de
1462 3236 1595 3292 quo,
1636 3217 1686 3274 si
1724 3216 1918 3294 exigat
1956 3220 2213 3286 betanus,
2244 3219 2413 3277 fidem
2453 3217 2639 3277 facere
2680 3228 2996 3285 teneantur,
3036 3215 3526 3292 quemadmodum

794 3317 850 3365 et
878 3306 946 3366 de
969 3308 1319 3367 confessione
1348 3309 1655 3376 ordinaria,
1683 3330 1854 3385 quam
1879 3308 2169 3369 menstrue
2197 3311 2377 3370 facere
2403 3311 2624 3369 debent.

875 3418 1029 3457 xxiv.
1072 3399 1207 3476 Ipso
1248 3399 1341 3460 die
1382 3398 1610 3477 tepituli
1652 3402 1975 3461 celebrandi
2020 3403 2235 3463 faciant
2275 3424 2470 3463 omnes
2498 3422 2722 3460 sacrum
2749 3421 2853 3478 pro
2879 3399 3152 3458 fratribus
3180 3410 3238 3457 et
3266 3400 3524 3459 benefac-

795 3491 1012 3550 toribus
1037 3502 1156 3549 tam
1186 3493 1349 3561 vivis,
1377 3514 1554 3569 quam
1581 3495 1881 3564 defunctis,
1910 3498 2250 3555 observante
2275 3496 2503 3554 interim
2530 3497 2747 3560 bettino,
2768 3494 2856 3553 vel
2882 3494 3000 3552 alio
3029 3493 3103 3550 ab
3124 3511 3191 3550 eo
3211 3493 3523 3550 constituto

732 3602 737 3606 ·
795 3584 1155 3660 singulorum
1182 3585 1344 3653 ritus,
1373 3606 1515 3644 num
1542 3588 1858 3647 conformes
1884 3589 2000 3647 sint
2028 3589 2162 3647 usui
2193 3590 2477 3655 Romano,
2503 3597 2560 3644 et
2586 3587 2687 3663 qui
2715 3586 3080 3663 indigebunt,
3096 3595 3434 3642 moneantur
3455 3584 3522 3640 de

795 3676 1009 3734 notatis
1036 3676 1369 3744 defectibus,
1395 3691 1464 3737 ut
1490 3699 1589 3738 eos
1616 3681 1924 3758 corrigant.

876 3786 1006 3826 xxv.
1050 3768 1227 3826 Fiant
1264 3769 1452 3838 etiam,
1482 3783 1551 3828 ut
1588 3770 1886 3841 hactenus,
1914 3774 2030 3831 duo
2070 3771 2349 3831 solemnia
2387 3792 2560 3839 sacra,
2588 3790 2774 3829 unum
2816 3789 2918 3846 pro
2944 3766 3244 3833 defunctis,
3273 3767 3520 3823 alterum

797 3870 971 3937 prout
1009 3860 1280 3919 hactenus
1320 3876 1752 3934 consueverunt,
1780 3865 1966 3942 iisque
2007 3865 2308 3932 absolutis,
2336 3864 2620 3942 processio
2658 3865 2731 3921 ad
2771 3864 2961 3921 locum
3002 3856 3249 3937 tepituli,
3278 3859 3380 3917 ubi
3407 3879 3519 3916 ses-

797 3951 971 4009 sionis
1011 3952 1165 4009 hunc
1206 3953 1464 4012 ordinem
1506 3968 1748 4025 servent,
1791 3969 1858 4016 ut
1897 3968 2024 4034 post
2062 3960 2346 4024 herenam,
2388 3956 2779 4022 camerarium,
2815 3966 2871 4013 et
2912 3955 3247 4019 assistentes,
3275 3938 3520 4028 proximi

797 4044 1027 4102 sedeant
1066 4047 1312 4121 parochi,
1341 4047 1546 4107 deinde
1584 4049 1897 4108 sacerdotes
1936 4049 2058 4117 alii,
2100 4050 2296 4109 habita
2336 4051 2485 4108 inter
2524 4069 2636 4118 eos,
2675 4049 2778 4126 qui
2817 4059 2954 4106 sunt
2994 4046 3247 4122 ejusdem
3288 4042 3519 4109 ordinis,

798 4136 1016 4195 rati‘one
1042 4137 1412 4214 antiquitatis.

879 4248 1034 4287 xxw.
1075 4229 1195 4288 Ubi
1242 4227 1496 4309 primum
1539 4233 1908 4301 consederint,
1954 4245 2012 4290 et
2051 4232 2395 4300 absentium,
2437 4233 2488 4291 si
2525 4233 2631 4309 qui
2668 4228 2899 4298 fuerint,
2939 4227 3349 4293 excusationes,
3388 4244 3519 4302 quae

797 4321 1005 4397 scripto
1043 4321 1169 4380 fieri
1210 4324 1435 4391 debent,
1476 4328 1719 4387 buatius
1760 4313 2102 4402 exposuerit,
2143 4335 2381 4402 surgent
2420 4345 2635 4392 omnes,
2677 4335 2735 4382 et
2789 4323 3164 4399 procumbent
3216 4321 3278 4378 in
3325 4336 3517 4395 genua
