3882 5037
335 500 489 557 Scor.
511 500 607 574 V.]
1206 491 1783 565 §tanta—Dioren
1811 495 1869 555 ot
1894 495 2146 567 judan.
2899 503 3046 573 235

332 701 479 774 δεῖτε
534 698 934 773 unusquisque
981 698 1045 755 in
1097 718 1214 757 suae
1263 701 1604 760 visitationis
1650 720 1824 759 cursu
1878 712 1935 759 et
1991 713 2157 760 extra
2204 703 2278 760 ad
2332 701 2625 776 sequentia
2677 702 2931 779 capitula
2980 723 3048 761 ex

330 792 569 869 suscepti
597 790 898 866 regiminis
926 790 1118 849 debito
1144 793 1411 868 obligari.

407 878 624 949 Primo',
650 878 781 940 ciun
822 879 1362 959 attbipttssbyttrum
1403 897 1502 945 aut
1540 890 1805 946 betanum
1847 885 1920 942 ad
1963 885 2259 945 ecclesiam
2288 884 2628 943 visitationis
2668 892 2841 947 causa
2880 887 3051 947 decli-

329 998 458 1036 nare
503 977 832 1053 contigerit,
871 996 991 1034 non
1031 979 1202 1045 solus,
1245 980 1342 1037 sed
1384 979 1608 1038 duobus
1648 978 1762 1038 fide
1801 979 2011 1055 dignis,
2052 990 2155 1038 aut
2197 978 2428 1057 publico
2477 977 2800 1046 tabellione,
2841 979 2891 1037 si
2930 980 3053 1053 ejus

329 1071 491 1128 fuerit
530 1069 860 1144 hujusmodi
900 1069 1157 1138 facultas,
1183 1072 1483 1129 comitatus
1523 1072 1777 1130 ecclesia!
1820 1082 2114 1138 rectorem,
2153 1082 2212 1130 et
2252 1070 2541 1137 clericum,
2569 1072 2988 1130 matricularios
3000 1072 3054 1127 *2

329 1183 422 1221 seu
463 1161 759 1237 gagiarios
769 1160 824 1228 ⁸,
863 1171 919 1219 et
962 1163 1334 1239 parochianos
1375 1164 1720 1241 competenti
1760 1184 2000 1222 numero
2039 1158 2351 1222 secundum
2384 1162 2473 1219 sui
2510 1161 2913 1222 discretionem
2952 1164 3055 1239 qui

330 1253 579 1311 ecclesias
608 1249 792 1328 magis
827 1254 1013 1312 affecti
1052 1253 1279 1323 suerint,
1307 1256 1578 1316 advocet=
1637 1256 1850 1332 quibus
1891 1256 2282 1331 praesentibus,
2322 1254 2473 1312 infra
2514 1265 2792 1314 statutum
2832 1267 3055 1335 tempus

332 1347 652 1423 adimpleat.
1466 1357 1477 1367 '

409 1440 677 1514 Inquirat
713 1433 901 1514 igitilr
942 1438 1012 1498 de
1049 1441 1300 1499 ecclesiae
1338 1440 1691 1517 subjectione
1728 1439 1790 1497 in
1827 1461 1904 1507 se,
1932 1437 2201 1499 videlicet
2229 1442 2303 1498 ad
2330 1441 2493 1514 cujus
2521 1436 2801 1514 pertineat
2828 1437 3054 1495 ordina-

334 1530 539 1589 tionem
567 1551 670 1589 seu
700 1529 1086 1598 collationem,
1108 1532 1228 1590 sive
1254 1533 1473 1592 domini
1503 1532 1832 1597 Meldensis,
1861 1543 1965 1590 aut
1991 1529 2233 1592 alteribs
2261 1528 2671 1609 praesentantis,
2694 1529 2787 1587 vel
2814 1528 3056 1605 patroni,

336 1625 483 1696 quod
538 1623 602 1681 in
658 1622 1004 1681 visitationis
1060 1626 1252 1683 rotulo
1305 1623 1558 1701 primum
1613 1626 1954 1683 declaretur.
2052 1625 2320 1700 Inquirat
2369 1623 2541 1682 etiam
2596 1624 2749 1681 circa
2803 1623 3056 1682 ecclesiae

340 1724 625 1779 rectorem,
655 1712 705 1770 si
745 1713 1070 1772 intitulatus
1111 1716 1184 1772 ad
1225 1735 1370 1783 eam,
1402 1715 1461 1772 id
1502 1729 1586 1774 est
1603 1724 1781 1775 'verus
1821 1727 2057 1775 curatus
2100 1717 2342 1777 resideat
2381 1716 2443 1774 in
2484 1718 2699 1783 eadem,
2736 1728 2792 1775 et
2834 1716 2882 1773 si
2922 1736 3057 1784 non,

338 1824 462 1863 cum
499 1824 605 1881 per
645 1826 835 1864 sacros
871 1827 1118 1865 canones
1156 1808 1278 1866 sine
1315 1808 1549 1866 licentia
1588 1808 1809 1885 praelati
1838 1804 1876 1865 ὸ,
1902 1811 2045 1867 cura
2069 1829 2185 1867 non
2212 1810 2383 1867 liceat
2407 1828 2755 1885 quemquam
2785 1808 3057 1875 recedere,

339 1893 586 1970 inquirat
624 1897 697 1954 de
736 1901 908 1955 causa
948 1918 1064 1957 non
1106 1899 1442 1967 residentiae,
1472 1910 1530 1957 et
1558 1901 1749 1959 videat
1788 1900 2007 1958 litteras
2049 1900 2443 1968 scholaritatis,
2476 1912 2580 1959 aut
2618 1902 2792 1958 aliam
2831 1900 3058 1976 dispen-

342 1990 625 2056 sationem,
655 1989 705 2047 si
737 2010 909 2065 quam
939 1993 1162 2061 habeat,
1192 2003 1246 2052 et
1274 1994 1483 2052 scribat
1499 1994 1568 2051 in
1595 1993 1934 2052 visitationis
1965 1996 2167 2052 rotu10.

418 2084 582 2149 Item,
611 2094 670 2140 et
711 2082 761 2139 si
790 2104 956 2142 verus
995 2084 1322 2144 intitulatus
1363 2106 1466 2145 seu
1501 2096 1734 2145 curatus
1770 2106 1829 2143 se
1873 2086 2185 2144 scholarem
2223 2086 2551 2163 praetendat,
2579 2083 2691 2142 nisi
2727 2085 2798 2142 de
2841 2085 3060 2142 schola·

346 2173 501 2233 ritate
525 2185 583 2233 et
612 2174 923 2253 privilegio
949 2178 1148 2236 doceat
1175 2178 1571 2245 incontinenti,
1599 2179 1692 2237 vel
1721 2180 1923 2236 saltem
1954 2178 2013 2235 in
2043 2178 2259 2255 synodo
2296 2178 2465 2234 fidem
2503 2176 2716 2241 fecerit,
2746 2194 2917 2252 super
2941 2195 3061 2250 quo

349 2266 611 2324 rescribat
649 2270 908 2335 betanus,
952 2267 1173 2327 fructus
1215 2270 1477 2329 beneficii
1519 2281 1774 2337 arrestet,
1816 2281 1873 2330 et
1913 2270 2230 2328 committat
2270 2262 2586 2327 secundum
2627 2266 2865 2323 formam
2908 2261 3062 2324 infra

350 2359 617 2435 scriptam.

425 2451 591 2517 Item,
632 2445 761 2508 citm
803 2463 1038 2511 curatus
1079 2448 1389 2511 secundiim
1429 2473 1715 2512 canonum
1756 2465 2037 2533 praecepta
2078 2453 2139 2510 in
2182 2470 2343 2509 sacro
2384 2449 2808 2530 presbyteratus
2861 2448 3058 2508 ordine

350 2545 538 2603 debeat
579 2546 851 2604 constitui
893 2547 1045 2605 infra
1084 2549 1222 2606 anni
1263 2550 1512 2627 spatium
1554 2545 1592 2606 a.
1632 2560 1886 2626 tempore
1925 2547 2117 2626 adepti
2159 2544 2441 2611 beneficii,
2482 2544 2740 2621 inquirat
2781 2566 2954 2623 super
2993 2565 3059 2604 eo

351 2638 604 2699 bttauttst
660 2649 716 2696 et
756 2637 805 2695 si
847 2658 967 2696 non
1007 2652 1330 2715 promotum
1372 2641 1445 2699 ad
1484 2661 1710 2698 sacrum
1751 2641 2171 2718 presbyteratus
2211 2638 2473 2697 ordinem
2526 2637 2787 2714 reperiat,
2828 2648 3062 2697 arrestet

355 2728 572 2796 fructus,
601 2741 658 2787 et
687 2731 1018 2799 committat,
1053 2743 1121 2789 ut
1148 2733 1491 2809 praedicitur.

427 2824 587 2890 Item,
615 2835 671 2881 et
707 2823 754 2881 si
793 2823 854 2881 in
888 2824 979 2882 die
1016 2836 1210 2882 sancto
1248 2823 1479 2881 Sabbati
1505 2822 1743 2882 Paschae
1771 2843 1886 2881 non
1914 2823 1990 2881 sit
2017 2842 2259 2901 praesens
2286 2821 2538 2881 ecclesiae
2563 2833 2812 2890 curatus,
2842 2842 2911 2881 ex
2939 2822 3062 2896 ejus

356 2912 599 2972 dioecesis
640 2926 853 2973 statuto
894 2916 1154 2992 synodali
1195 2916 1412 2974 fructus
1453 2915 1713 2975 beneficii
1753 2915 1986 2973 domino
2027 2915 2289 2990 acquisiti
2329 2925 2479 2981 sunt,
2509 2914 2623 2972 nisi
2662 2915 2734 2972 de
2773 2934 2887 2972 non
2926 2915 3063 2972 resi·

358 3005 528 3066 dendo
568 3007 742 3065 fuerit
783 3028 915 3065 cum
959 3027 1027 3065 eo
1071 3007 1494 3084 dispensatum:
1549 3009 1768 3066 fructus
1807 3007 2073 3067 beneficii
2113 3009 2186 3066 ad
2227 3027 2464 3065 manum
2504 3007 2722 3065 domini
2776 3018 2964 3084 ponat,
3007 3017 3064 3065 et

359 3109 594 3166 anestet,
620 3099 733 3156 nisi
775 3099 845 3157 de
885 3100 1307 3176 dispensatione
1348 3110 1449 3158 aut
1488 3096 1655 3158 aliter
1695 3099 2053 3158 ordinatione
2090 3118 2192 3176 per
2219 3100 2516 3157 dominum
2542 3098 2711 3167 facta,
2737 3098 3063 3159 litteraliter

361 3202 410 3246 et
433 3190 488 3248 in
516 3190 827 3250 continenti
856 3192 954 3249 fiat
983 3191 1094 3249 sibi
1122 3192 1274 3250 fides.

434 3284 593 3349 Item,
622 3293 680 3340 et
719 3283 938 3341 fructus
978 3283 1238 3342 beneficii
1278 3302 1478 3341 eorum
1521 3283 1623 3359 qui
1662 3282 1726 3341 in
1766 3281 1984 3360 synodo
2025 3301 2141 3340 non
2183 3279 2570 3340 interfuerunt
2609 3290 2862 3346 arrestet,
2894 3291 2949 3339 et
2987 3282 3058 3338 ad

366 3393 581 3432 manum
634 3374 853 3432 domini
905 3385 1095 3453 ponat.
1194 3375 1272 3432 Et
1325 3395 1497 3452 super
1543 3374 1808 3433 omnibus
1851 3375 1940 3432 his
1986 3373 2216 3431 arrestis
2259 3385 2542 3439 caveatur,
2590 3383 2656 3429 ut
2700 3369 2888 3429 statim
2934 3383 3062 3449 post

366 3479 622 3524 arrestum
651 3466 883 3525 idoneos
910 3467 1224 3526 committat
1250 3478 1304 3525 et
1332 3453 1453 3526 fide„
1469 3468 1694 3544 dignos,
1710 3467 1814 3543 qui
1842 3467 2112 3525 solvendo
2141 3468 2255 3523 sint
2274 3465 2345 3522 ad
2369 3463 2747 3541 receptionem
2767 3464 3061 3522 fructuum

367 3568 414 3614 et
444 3558 699 3617 beneficii
737 3558 1286 3617 administrationem
1325 3559 1649 3635 sumptibus
1686 3558 1868 3636 ipsius
1898 3556 2178 3624 beneficii,
2207 3553 2384 3631 quam
2414 3555 2767 3633 parcioribus
2795 3566 2851 3614 et
2878 3556 3061 3614 mino-

369 3648 508 3708 ribus
548 3652 673 3710 fieri
717 3651 922 3728 poterit
960 3669 1064 3728 pro
1109 3650 1397 3708 beneficii·
1419 3652 1682 3718 utilitate,
1729 3651 2010 3725 dictisque
2055 3651 2134 3708 sic
2179 3649 2490 3708 commissis
2533 3650 2765 3707 brevem
2810 3648 3064 3724 assignet

368 3742 672 3809 terminum,
701 3744 775 3801 ad
801 3762 972 3818 quem
1000 3741 1063 3798 in
1085 3741 1249 3799 curia
1276 3742 1561 3800 Meldensi
1588 3754 1965 3820 compareant,
1994 3752 2061 3799 ut
2102 3741 2239 3801 dicti
2279 3740 2543 3801 beneficii
2585 3740 3063 3799 administrationi

369 3849 451 3906 per
477 3836 769 3893 officialem
803 3844 860 3891 et
886 3833 1249 3911 sigilliferum
1280 3829 1503 3910 plenius
1531 3834 1910 3911 provideatur,
1936 3855 2039 3893 nec
2068 3853 2300 3891 manum
2321 3835 2515 3892 levent
2535 3831 2595 3889 in
2621 3831 3062 3908 quibuscunque

369 3926 590 3993 oesibus,
631 3926 746 3984 nisi
787 3926 860 3984 de
902 3926 1260 4003 expeditione
1301 3926 1595 3984 fructuum
1637 3947 1741 4005 per
1777 3926 1975 3985 literas
2014 3937 2268 4004 patentes
2310 3925 2536 4001 signeto
2576 3935 2632 3982 et
2671 3924 2861 4001 sig-illo
2889 3924 3064 3981 curiae

369 4015 626 4091 sigillatas
676 4018 730 4076 ei
773 4029 991 4076 constet
1035 4018 1141 4076 sub
1191 4018 1372 4076 forma
1420 4019 1641 4077 debita:
1703 4014 1960 4093 alioquin
2004 4020 2074 4076 de
2122 4017 2403 4076 fructibus
2453 4018 2515 4075 in
2563 4016 2784 4074 damnis
2831 4015 3062 4074 domino

371 4105 632 4168 Meldensi
657 4131 724 4168 ac
751 4109 880 4167 aliis
909 4111 982 4167 ad
1009 4128 1156 4184 quos
1185 4110 1520 4185 spectabunt
1549 4109 1911 4175 satisfaciant,
1943 4119 2001 4166 et
2028 4107 2197 4167 aliter
2225 4108 2521 4168 arbitrari&
2548 4108 2877 4186 puniantur.

441 4199 598 4268 Item,
626 4212 683 4260 et
704 4201 753 4259 si
776 4200 1018 4277 reperiat
1036 4204 1276 4265 betanus
1293 4222 1423 4260 cum
1450 4221 1585 4260 vero
1614 4213 1813 4259 curato
1841 4202 1912 4258 de
1940 4220 2059 4260 non
2087 4200 2384 4261 residendo
2405 4198 2657 4277 legitime
2676 4200 3062 4276 dispensatum

932 4383 967 4414 ⁴*
1002 4384 1036 4414 Τ
1072 4384 1351 4435 “AEdt'euoe
1371 4387 1554 4450 quibus
1573 4401 1699 4435 cura
1721 4393 1797 4435 est
1816 4387 1935 4435 odis
1955 4386 2490 4449 swoe.”—Ducange.
