3882 5037
328 480 463 537 Smer.
489 477 583 535 IV.
611 478 683 551 1.]
1137 474 1777 554 &emaum—Diome
1805 477 1864 538 ot
1889 474 2172 553 oculoque.
2855 482 3007 556 293

316 677 419 748 ejus
452 676 694 734 fructus:
737 676 881 751 quid
908 678 1090 737 velint
1129 677 1297 757 signa
1323 691 1570 746 externa,
1598 690 1655 737 et
1680 680 1970 755 quomodo
1998 679 2114 738 Dei
2140 679 2322 738 virtus
2364 698 2609 757 praesens
2644 679 3009 740 invisibiliter

313 768 381 825 eis
402 768 566 826 adsit:
609 766 897 844 quomodo
921 769 1097 828 etiam
1125 767 1299 849 digne
1326 773 1416 830 vel
1444 766 1678 848 indigne
1707 770 2110 847 percipiantur.

375 859 461 917 An
484 859 632 917 circa
658 858 1211 920 administrationem
1252 863 1541 939 baptismi,
1568 874 1625 921 et
1653 861 1795 920 alias
1833 860 1895 918 in
1936 860 2306 919 concionibus
2347 860 2418 917 de
2457 874 2731 938 suggesto
2768 864 3007 924 doceant

312 952 579 1025 populum,
609 970 715 1009 cur
756 969 906 1025 aqua
944 952 1299 1028 baptismalis
1339 953 1704 1011 benedicatur
1745 962 1805 1009 et
1843 963 2234 1010 consecretur:
2279 970 2383 1008 cur
2422 952 2806 1029 baptizandus
2844 957 3003 1014 abre-

308 1042 512 1100 nunciet
536 1042 768 1100 diabolo
795 1060 894 1118 per
919 1056 1303 1121 susceptoresz
1347 1064 1449 1103 cur
1475 1043 1830 1103 exorcizetur
1857 1055 1916 1102 et
1943 1045 2243 1102 exuffietur
2269 1044 2553 1101 contraria
2580 1056 2858 1121 potestas:
2902 1068 3005 1106 cur

306 1133 505 1209 siguum
543 1134 733 1192 crucis
774 1134 1120 1211 baptizando
1160 1135 1327 1194 toties
1353 1135 1747 1211 imprimatur:
1792 1155 1895 1194 cur
1924 1136 2009 1193 sal
2048 1135 2409 1193 benedictum
2438 1135 2619 1203 detur,
2651 1147 2708 1194 et
2747 1157 2913 1195 aures
2949 1139 3002 1196 ei

304 1225 636 1298 aperiantur:
676 1244 783 1283 cur
810 1226 872 1283 in
899 1237 1140 1302 pectore,
1169 1238 1227 1285 et
1254 1227 1316 1286 in
1342 1227 1609 1303 scapulis,
1631 1238 1688 1285 et
1715 1227 1778 1284 in
1804 1227 2013 1286 vertice
2039 1226 2246 1302 capitis
2274 1226 2621 1302 inungatur=
2664 1247 2769 1285 cur
2797 1228 2999 1288 indua-

305 1325 381 1371 tur
401 1327 548 1374 veste
574 1316 850 1374 candida:
889 1336 993 1375 cur
1033 1317 1364 1393 praeferatur
1402 1318 1457 1375 ei
1497 1337 1691 1376 cereus
1717 1318 1920 1376 ardens
1960 1318 2032 1376 ad
2074 1318 2266 1384 altare,
2294 1327 2350 1374 et
2378 1337 2482 1374 cur
2506 1317 2626 1375 illic
2666 1319 2906 1396 accipiat
2931 1322 3002 1379 de

303 1405 586 1474 ablutione,
614 1427 717 1465 seu
746 1407 882 1466 vino
908 1408 1220 1468 benedicto.

365 1496 454 1555 An
497 1499 971 1568 animadvertant,
1021 1500 1180 1576 quod
1222 1511 1593 1577 susceptores,
1634 1499 1755 1559 sive
1798 1499 2029 1578 patrini,
2079 1499 2193 1559 sint
2237 1509 2515 1575 provectae
2556 1500 2754 1568 aetatis,
2786 1500 2848 1559 in
2888 1503 2998 1561 fide

301 1589 553 1647 catholica
585 1591 731 1649 bene
757 1592 1039 1660 instructi,
1069 1592 1141 1649 ad
1181 1591 1528 1669 interrogata
1554 1611 1687 1650 cum
1713 1592 2007 1651 intellectu
2035 1602 2092 1650 et
2132 1586 2279 1650 serio
2307 1592 2724 1667 respondentes,
2755 1603 2812 1650 et
2839 1594 2996 1661 tales,

299 1679 383 1753 qui
407 1682 687 1756 parvulos,
717 1682 821 1740 ubi
846 1683 1212 1752 adoleverint,
1241 1683 1305 1741 in
1334 1683 1443 1741 fide
1470 1683 1801 1750 orthodoxa,
1829 1683 1878 1740 si
1904 1704 2131 1742 necesse
2161 1683 2350 1750 fuerit,
2378 1683 2655 1743 instruere
2682 1683 2918 1760 possint.

364 1772 454 1829 An
478 1772 651 1831 etiam
690 1774 982 1850 baptizent
1022 1774 1291 1850 parvulos
1326 1785 1455 1834 ante
1483 1774 1807 1851 prandium,
1836 1786 1894 1833 et
1920 1776 2150 1834 missam
2189 1775 2323 1844 diei,
2350 1775 2445 1834 cui
2482 1787 2837 1853 susceptores
2864 1796 2998 1834 cum

300 1881 454 1937 puero
477 1875 534 1923 et
558 1865 760 1923 amicis
787 1866 1058 1924 interesse
1095 1867 1380 1934 deberent,
1408 1877 1468 1924 et
1507 1884 1612 1941 pro
1638 1867 1881 1942 parvulo
1920 1869 2122 1927 offerre
2163 1867 2476 1925 secundum
2505 1867 2708 1926 veteris
2747 1867 2998 1926 ecclesiae

300 1952 465 2012 ritum.

363 2045 452 2103 An
477 2045 552 2104 sit
570 2048 784 2123 aliquis
803 2048 955 2107 inter
975 2058 1265 2107 curatores
1282 2048 1668 2116 ecclesiarum,
1686 2048 1789 2124 qui
1816 2068 1991 2107 ausus
2018 2048 2192 2107 fuerit
2211 2061 2488 2108 canonem
2507 2050 2695 2107 missae
2716 2047 2995 2114 omittere,

297 2137 373 2193 vel
395 2149 641 2197 mutare.
683 2149 740 2197 et
764 2161 841 2198 an
864 2141 938 2198 ab
965 2140 1231 2199 omnibus
1261 2136 1524 2217 religiose
1551 2141 1975 2216 pronuncietur.

358 2228 447 2286 An
470 2229 644 2288 etiam
668 2230 918 2308 singulis
937 2232 1139 2290 diebus
1160 2232 1459 2290 dominicis
1486 2243 1545 2289 et
1565 2233 1739 2301 festis,
1766 2232 2134 2310 evangelium
2161 2231 2277 2290 diei
2304 2231 2431 2297 sub,
2452 2230 2545 2288 vel
2564 2229 2716 2288 intra
2737 2228 2987 2294 missam,

295 2317 472 2395 lingua
495 2323 804 2380 vernacula
831 2325 1049 2399 populo
1076 2324 1146 2381 de
1172 2335 1445 2429 suggesto
1473 2335 1779 2400 exponant.

359 2411 448 2469 An
472 2414 644 2472 etiam
687 2425 942 2483 caveant,
980 2434 1054 2473 ne
1096 2416 1383 2475 concionis
1431 2426 1683 2493 tempore
1726 2418 1850 2475 ulla
1889 2416 2065 2473 missa
2103 2413 2438 2479 celebretur,
2473 2413 2591 2487 qua
2631 2410 2882 2486 populus
2917 2409 2991 2467 ab

294 2505 684 2565 auscultatione
710 2507 870 2566 verbi
898 2506 1255 2566 distrahatur.

358 2595 447 2653 An
472 2608 675 2656 curent
702 2600 1023 2676 symbolum
1053 2610 1237 2658 totum
1263 2600 1413 2666 cani,
1442 2599 1832 2677 praefationem
1860 2599 2079 2666 itidem,
2106 2608 2164 2656 et
2193 2596 2527 2655 Orationem
2555 2593 2940 2654 Dominicam.

352 2685 619 2747 Similiter
657 2709 735 2747 an
777 2700 993 2758 curent,
1033 2702 1101 2748 ut
1144 2691 1518 2767 imaguncula
1558 2692 1817 2751 crucifixi
1859 2690 2119 2756 Domini,
2168 2687 2544 2766 pacificatoris
2593 2685 2870 2752 omnium,
2918 2684 2992 2742 ab

291 2793 372 2834 ore
408 2781 725 2849 sucerdotis,
768 2801 964 2858 pacem
1012 2784 1230 2859 populo
1272 2782 1653 2858 imprecantis,
1700 2784 1774 2841 ad
1815 2783 2103 2840 adstantes
2150 2781 2453 2848 deferatur,
2499 2778 2872 2838 inosculanda
2917 2778 2991 2836 ab

291 2871 547 2940 omnibns,
574 2873 636 2930 in
662 2873 977 2932 concordiae
1003 2885 1062 2932 et
1090 2874 1246 2951 pacis
1273 2874 1611 2951 symbolum.

356 2962 445 3021 An
470 2965 712 3023 doceant
741 2968 1021 3043 populum
1049 2966 1119 3024 de
1146 2966 1333 3024 missas
1360 2965 1661 3043 mysteriis,
1689 2974 1860 3040 atque
1881 2963 2052 3022 etiam
2081 2975 2362 3032 moneant,
2388 2975 2456 3023 ut
2482 2964 2555 3022 ad
2589 2965 2761 3022 finem
2787 2982 2989 3037 usque,

292 3048 444 3112 donec
481 3056 928 3116 benedictionem
968 3057 1373 3116 sacerdotalem
1412 3057 1750 3133 acceperint,
1794 3067 2131 3132 perseveret,
2173 3056 2553 3134 spiritualiter
2605 3056 2804 3113 saltem
2860 3074 2992 3112 cum

289 3148 549 3207 naeu-dote
576 3149 1065 3216 communicandO,
1092 3169 1226 3207 cum
1252 3148 1534 3207 desiderio
1561 3149 1781 3206 fructsts
1807 3148 2165 3215 sacramenti,
2189 3159 2245 3206 et
2272 3148 2504 3207 unionis
2532 3167 2665 3204 cum
2694 3144 2934 3203 Christe.

353 3237 442 3296 An
467 3241 706 3299 doceant
731 3240 1067 3299 criminibus
1093 3241 1319 3317 ligatos,
1350 3239 1685 3315 priusquam
1726 3239 2115 3303 absolvantur,
2145 3248 2200 3295 et
2240 3258 2386 3296 verae
2413 3236 2822 3296 emendationis
2854 3254 2983 3312 pro-

290 3330 514 3403 positum
542 3344 789 3400 sumant,
814 3333 888 3391 ab
914 3333 1117 3390 horum
1147 3331 1544 3408 mysteriorum
1571 3330 1927 3409 perceptione
1958 3328 2256 3387 abstinere.

352 3422 441 3481 An
466 3426 658 3501 palam
697 3425 1052 3492 criminosos
1081 3436 1137 3484 et
1174 3423 1275 3500 qui
1309 3424 1524 3500 peccati
1566 3424 1935 3481 certissimam
1978 3420 2335 3481 occasionem
2373 3418 2656 3478 dimittere
2698 3417 2924 3483 nolunt,
2953 3436 2990 3473 a

289 3516 661 3575 communione
685 3516 1004 3576 abarceant.

352 3606 441 3665 An
482 3609 759 3667 lectiones
801 3630 983 3669 sacras
1024 3620 1080 3669 et
1121 3607 1420 3675 orationes,
1447 3619 1679 3685 excepto
1717 3628 1933 3667 canone
1979 3609 2042 3666 in
2084 3603 2274 3673 missa,
2301 3600 2451 3663 clare
2497 3600 2894 3679 pronuncient,
2922 3610 2989 3657 ut

291 3699 478 3770 possint
501 3722 538 3758 a
560 3700 1077 3769 circumstantibus,
1103 3700 1207 3776 qui
1233 3695 1406 3759 latine
1434 3699 1785 3775 intelligunt,
1812 3698 2003 3757 audiri
2029 3708 2089 3756 et
2113 3696 2378 3774 intelligi.

352 3788 440 3848 An
466 3791 890 3852 Eucharistiam
920 3794 981 3852 in
1009 3794 1134 3851 loco
1160 3793 1433 3851 honorato
1460 3801 1685 3849 servent
1712 3810 1844 3848 cum
1875 3800 2149 3867 perpetuo
2175 3788 2410 3847 lumine.

352 3879 441 3938 An
466 3885 698 3958 quando
726 3884 800 3942 ad
839 3883 1095 3942 infirmos
1124 3881 1547 3941 Eucharistiam
1587 3881 1866 3950 deferunt,
1904 3881 2115 3940 saciant
2156 3879 2409 3955 praeferri
2451 3877 2648 3934 lumen
2675 3886 2733 3933 et
2760 3894 2983 3951 campa-

290 3972 492 4042 nellam,
519 3975 593 4033 ad
621 3975 875 4033 dandum
900 3974 1164 4032 fidelibus
1192 3974 1439 4050 sig-num.

352 4065 443 4123 An
466 4065 706 4126 doceant
734 4067 961 4143 plebem
987 4085 1147 4124 orare
1174 4084 1279 4170 pro
1306 4063 1606 4131 defunctis,
1632 4074 1699 4120 nt
1724 4084 1760 4120 a
1787 4061 2029 4138 peccatis
2056 4063 2366 4121 solvantur.

354 4156 443 4214 An
468 4167 670 4215 curent
694 4159 887 4225 etiam,
914 4157 1187 4234 quando'
1172 4177 1234 4214 ιιι
1261 4155 1610 4213 solemnibus
1634 4153 2040 4212 festivitatibus
2064 4151 2516 4211 circumferenda
2537 4158 2622 4206 est
2649 4146 2855 4204 Hostia
2882 4144 2984 4201 illa

290 4246 560 4317 salutari„
599 4250 756 4324 quod
783 4261 907 4307 tum
935 4268 1131 4308 omnes
1156 4247 1283 4305 ludi
1308 4244 1609 4350 prophani,
1639 4254 1695 4303 et
1732 4242 2007 4320 quicquid
2050 4262 2163 4301 non
2205 4244 2359 4300 valet
2399 4241 2471 4298 ad
2497 4256 2692 4296 veram
2730 4232 2980 4292 devotio-

291 4356 401 4395 nem
436 4340 809 4407 excitandam,
840 4350 1220 4398 removeatur.
1261 4337 1561 4415 imprimis,
1586 4336 1739 4412 quod
1779 4353 1895 4393 non
1937 4334 2239 4409 pulsentur
2279 4342 2567 4409 tympana,
2594 4326 2784 4383 absint
2811 4324 2979 4389 risus,
