3882 5037
334 470 477 527 Set-r.
501 468 589 524 IV
593 467 636 541 .]
1309 466 1551 533 ”totae
1582 469 1641 529 of
1665 469 2045 530 Ratumenna

2891 470 3027 544 271

401 684 452 721 v.
493 665 660 723 Idem
701 677 762 724 et
803 664 875 724 de
918 667 1240 743 pastoribus
1285 667 1551 745 plurimis
1596 667 2030 733 observandum,
2078 667 2181 742 qui
2236 687 2357 724 suae
2411 667 2836 725 incontinentiae
2890 690 3044 726 nunc

331 759 518 819 dedere
556 779 771 837 poenas,
802 769 861 817 et
902 778 1035 817 suas
1081 752 1296 817 dudum
1337 759 1604 819 domibus
1639 759 1977 817 submovere
2008 759 2117 819 visi
2159 769 2295 816 sunt
2328 758 2689 826 concubinas,
2718 771 2785 816 ut
2815 765 2882 819 ea
2912 762 3042 820 dili·

331 851 514 926 gentis
543 851 620 909 ab
661 852 920 929 ipsarum
957 852 1387 919 consuetudine,
1417 852 1690 927 omnique
1723 852 2111 909 familiaritate
2145 870 2374 927 prorsus
2398 852 2737 920 abstineant,
2764 873 2940 927 quam
2968 853 3042 911 ab

329 943 643 1003 istiusmodi
669 942 846 1018 lapsis
875 943 1060 1019 exigit
1089 957 1510 1003 sacrosanctum
1537 943 1865 1002 Concilium
1892 943 2317 1001 Tridentinum.

397 1053 473 1093 vr.
515 1035 692 1101 Quod
731 1035 781 1092 si
824 1054 957 1110 quae
1000 1037 1336 1096 concubinae
1378 1035 1734 1113 reperiantur
1778 1047 1897 1093 tam
1941 1034 2219 1102 effrontes,
2248 1047 2419 1111 atque
2462 1034 2837 1112 impudentes,
2865 1048 2932 1095 ut
2970 1038 3042 1095 ad

327 1128 462 1185 aedoe
495 1138 796 1204 pastorum
832 1130 986 1187 ultro
1022 1130 1267 1188 subinde
1309 1140 1622 1197 recurrant,
1648 1138 1752 1185 aut
1791 1147 1823 1185 e
1864 1126 2081 1186 vicinia
2120 1127 2368 1204 migrare
2394 1128 2613 1196 nolint;
2655 1125 2842 1197 semel,
2873 1141 3044 1205 atque

326 1215 516 1278 iter-iun
560 1220 830 1289 monitae,
874 1220 949 1279 ad
990 1241 1096 1280 nos
1136 1222 1207 1280 de
1248 1221 1506 1299 ipsarum
1545 1219 1856 1297 pertinacis
1895 1220 2264 1296 perscribant,
2307 1232 2364 1278 et
2407 1232 2883 1279 sacramentorum
2927 1241 3042 1278 usu

325 1323 552 1370 &meant-

397 1422 497 1462 vn.
538 1403 826 1469 Quamvis
853 1405 925 1462 ad
955 1424 1141 1461 unum
1169 1424 1366 1463 omnes
1394 1403 1552 1481 turpi
1582 1402 1997 1462 concubinatus
2024 1405 2161 1461 nota
2190 1402 2468 1469 infamati,
2488 1413 2593 1460 aut
2618 1403 2782 1461 nobis
2807 1404 3043 1480 quidem

327 1514 418 1571 per
453 1495 707 1553 aliorum
750 1496 1198 1572 inquisitionem,
1229 1496 1349 1554 sive
1390 1505 1641 1553 nostram
1674 1494 2063 1552 visitationem
2097 1494 2238 1562 noti,
2270 1494 2391 1552 suis
2428 1493 2696 1552 domibus
2726 1497 3044 1554 amoverint

328 1589 700 1657 concubinas3
740 1601 930 1646 tamen
956 1608 1092 1646 cum
1118 1581 1476 1665 perdolenter
1502 1585 1916 1663 intelligamus,
1947 1606 2063 1645 non
2092 1606 2303 1663 paucos
2337 1585 2523 1643 adhuc
2553 1585 2613 1643 in
2642 1585 2875 1645 illorum
2903 1587 3041 1645 vici·

329 1680 416 1736 nia
453 1680 688 1747 baerere,
717 1690 822 1738 aut
856 1679 997 1737 locis
1034 1699 1151 1737 non
1186 1678 1269 1737 ita
1303 1677 1535 1745 dissitis,
1563 1688 1632 1735 ut
1651 1677 1810 1751 justa
1838 1697 1955 1736 non
1983 1677 2229 1735 habeant
2255 1678 2448 1735 locum
2475 1675 2772 1747 scandala3
2811 1676 3041 1735 manda·

331 1790 460 1839 mus,
484 1783 554 1829 ut
579 1768 1044 1847 attbipmbmtti
1070 1790 1268 1828 omnes
1309 1771 1415 1827 hac
1455 1789 1628 1847 super
1663 1788 1725 1826 re
1761 1763 2067 1846 diligenter
2094 1768 2242 1828 inter
2268 1769 2620 1828 visitandum
2645 1767 2960 1843 inquirant,
2987 1781 3043 1827 et

331 1863 423 1920 ubi
449 1865 540 1921 vel
565 1865 838 1922 scandala
864 1881 1235 1941 perseverare,
1259 1860 1354 1920 vel
1382 1860 1733 1937 suspiciones
1762 1880 1879 1919 non
1903 1860 2055 1918 levae
2081 1859 2584 1938 deprehenderint;
2626 1872 2894 1919 moneant
2928 1880 3042 1927 eas,

330 1975 388 2012 ac
429 1951 696 2014 severiter
740 1955 1078 2014 interdicant
1127 1952 1286 2013 omni
1333 1952 1692 2012 sacerdotum
1744 1952 1984 2011 illorum
2038 1953 2330 2028 colloquio
2386 1963 2444 2010 et
2494 1951 2894 2019 familiaritate,
2939 1974 3043 2012 nec

329 2046 562 2105 audeant
588 2047 650 2105 in
682 2046 881 2106 domos
908 2046 1263 2105 sacerdotum
1291 2065 1597 2112 recurrere,
1624 2056 1728 2102 aut
1754 2044 1826 2102 ad
1863 2042 2143 2110 convivia,
2170 2044 2383 2101 nedum
2419 2043 2491 2101 ad
2534 2044 2794 2102 tabernas
2835 2045 3041 2112 venire,

333 2137 424 2194 ubi
449 2138 539 2196 illi
566 2151 746 2206 sunt3
785 2138 1008 2212 alioqui
1048 2140 1219 2213 poenfi
1259 2156 1357 2195 sex
1397 2135 1726 2204 dalerorum
1766 2145 1937 2192 erunt
1977 2134 2352 2192 mulctandae=
2406 2146 2507 2191 aut
2533 2153 2636 2210 pro
2666 2135 2944 2210 gravitate
2985 2147 3043 2193 et

333 2226 639 2303 frequentis
667 2229 939 2295 scandali,
967 2228 1284 2295 arbitraria,
1312 2228 1485 2286 etiam
1511 2228 1767 2295 carceris,
1795 2226 1845 2285 si
1873 2226 2137 2285 secundis
2167 2222 2628 2302 attbtptoesbytrti
2658 2227 2888 2285 monitis
2923 2228 3042 2285 illae

333 2319 679 2396 impudentes
704 2341 822 2380 non
851 2321 1156 2397 paruerint.

400 2428 520 2469 vm.
560 2413 722 2478 Quia
763 2407 951 2471 uttan(
1000 2411 1181 2470 nostri
1223 2410 1491 2471 omnibus
1531 2409 1657 2468 istis
1704 2408 2029 2467 excessibus
2074 2407 2423 2483 corrigendis
2474 2409 2583 2467 soli
2631 2411 2882 2467 sufficere
2925 2429 3041 2468 non

333 2503 551 2578 possint,
585 2504 851 2562 ordinent
876 2503 1095 2581 singuli
1122 2513 1542 2579 procuratorem
1569 2500 1738 2562 officii
1764 2501 1826 2560 in
1856 2521 1965 2559 suo
1989 2499 2267 2570 districtu,
2292 2501 2397 2576 qui
2436 2499 2740 2579 diligenter
2773 2501 2921 2560 cirea
2945 2522 3040 2561 ex-

335 2613 508 2653 cessus
538 2609 660 2654 tam
686 2596 1039 2663 clericorum,
1066 2617 1242 2672 quam
1268 2598 1543 2655 lai'corum
1570 2595 1892 2671 invigilent.

401 2706 473 2744 11.
510 2689 634 2754 Qui
670 2676 807 2747 vero
843 2700 1037 2748 contra
1071 2698 1286 2746 statuta
1321 2688 1440 2745 haec
1475 2700 1532 2746 et
1558 2688 1780 2746 decreta
1807 2687 2195 2746 Conciliorum
2222 2685 2566 2753 Tridentini,
2597 2685 3042 2753 Mechliniensis,

336 2788 384 2834 et
406 2779 708 2839 dioecesani
749 2780 1120 2857 peccaverint,
1149 2797 1253 2855 per
1292 2799 1368 2846 se,
1398 2791 1456 2836 et
1483 2799 1589 2837 suo
1620 2779 1850 2854 proprio
1877 2778 2077 2854 sigillo
2104 2779 2276 2836 citent
2301 2799 2397 2837 eos
2426 2798 2616 2836 coram
2641 2779 2925 2855 episcopo,
2954 2780 3043 2839 vel

336 2868 443 2940 ejus
466 2872 727 2931 officiali:
768 2872 882 2930 nisi
910 2871 1112 2930 moniti
1136 2865 1358 2934 uetanis
1387 2870 1673 2938 obediant,
1700 2881 1759 2928 et
1786 2871 2032 2928 mulctas
2061 2870 2422 2928 satisfaciant.

1931 2962 2047 3018 CC.
2066 2962 2409 3029 Germaniae,
2435 2961 2599 3022 Tom.
2616 2979 2722 3020 vn.
2750 2981 2804 3038 p.
2826 2963 2960 3020 671.

1153 3192 1369 3251 SECT.
1397 3187 1798 3254 V.—sstottsoe
1824 3185 1884 3247 of
1905 3185 2201 3263 voutam.

388 3319 569 3380 Rom
599 3339 709 3378 roa
738 3317 942 3384 ”tans
969 3317 1027 3380 of
1052 3315 1444 3395 Θῡτίβίίειιίῐῃ
1476 3338 1594 3378 Anu
1621 3339 1803 3378 ‘mem
1831 3320 2050 3377 Omen
2077 3337 2142 3376 m
2170 3337 2287 3376 ‘rna
2314 3318 2566 3377 Dmcase
2593 3335 2663 3376 or
2688 3317 2993 3383 Touana,

1095 3431 1172 3471 av
1200 3414 1421 3472 B1snor
1449 3413 1789 3479 Dononvns,
1817 3411 1966 3470 AD.
1983 3428 2260 3468 ununv.

410 3539 444 3577 1.
480 3524 649 3589 QUO
676 3519 871 3583 beten(
899 3523 1091 3582 debito
1134 3544 1245 3583 suo
1287 3544 1521 3583 munere
1562 3518 1858 3600 perfectius
1898 3523 2219 3599 fungantur
2244 3522 2493 3598 singulis
2518 3519 2685 3579 annis
2713 3518 3041 3577 commissas

343 3609 437 3668 sibi
478 3616 770 3689 parochias
811 3611 1114 3691 diligent&
1155 3616 1388 3675 visitent
1431 3616 1503 3674 de
1547 3615 1825 3692 parochia,
1869 3613 2224 3680 custodibuS,
2268 3613 2588 3679 sacellanis,
2616 3623 2673 3670 et
2708 3612 2839 3669 aliis
2875 3611 3042 3670 nobis

344 3701 584 3772 subditis,
623 3705 674 3764 si
715 3707 964 3781 quisque
1005 3726 1131 3773 suo,
1170 3719 1238 3764 ut
1279 3719 1516 3784 oportet,
1545 3707 1825 3784 fungatur
1867 3706 2068 3775 officie,
2100 3724 2335 3780 suaeque
2378 3704 2661 3764 vocationi
2693 3704 3042 3779 respondeat,

344 3792 629 3869 inquirant,
656 3809 714 3856 et
739 3817 885 3872 quos
914 3797 977 3854 in
1003 3797 1306 3873 praemissis
1334 3799 1691 3875 negligentes
1720 3798 2045 3874 repererint,
2064 3801 2231 3873 juxta
2264 3797 2430 3855 casus
2471 3796 2822 3880 exigentiam
2870 3796 3041 3855 corri-

346 3887 557 3958 gendos,
582 3890 801 3963 absque
827 3889 1284 3950 dissimulatione
1311 3893 1485 3950 curiae
1513 3903 1720 3950 nostrie
1746 3890 2103 3949 denuncient.

414 3996 468 4035 n.
508 3982 742 4039 Scholas
783 4001 978 4041 omnes
1020 3984 1113 4041 sui
1152 3985 1449 4048 nuntiatus
1490 3985 1737 4052 visitent,
1764 4004 1840 4041 an
1881 3979 2027 4042 recte
2068 3983 2345 4041 institutae
2387 3982 2517 4049 sint,
2545 3992 2602 4039 et
2629 3979 2679 4038 si
2702 3974 2845 4038 forte
2871 3979 2934 4037 in
2961 3979 3042 4037 eis

346 4069 585 4130 authores
621 4073 869 4149 suspecti
907 4074 997 4132 vel
1029 4074 1306 4151 impudici
1343 4077 1745 4154 praelegantur,
1774 4076 1879 4151 qui
1918 4094 2230 4151 puerorum
2263 4074 2521 4133 moribus
2554 4074 2771 4133 officere
2803 4071 3040 4147 possint,

350 4156 514 4218 statim
568 4163 909 4239 prohibeant
950 4166 1275 4224 scholarum
1315 4178 1572 4235 rectores,
1615 4167 1720 4243 qui
1767 4167 1991 4241 judicio
2036 4178 2230 4225 nostro
2279 4166 2503 4242 probati
2549 4185 2667 4223 non
2714 4163 2943 4228 fuerint,
2985 4171 3043 4217 et

347 4246 518 4309 literas
567 4266 787 4313 nostras
840 4251 1085 4332 desuper
1135 4277 1252 4316 non
1308 4258 1677 4326 obtinuerint,
1731 4258 1805 4317 ab
1853 4257 2123 4316 exercitio
2182 4257 2548 4332 suspendant,
2601 4255 2693 4312 vel
2748 4273 2817 4311 ex
2869 4253 3042 4308 causa

353 4357 664 4404 removeant.
